2303 3141
1041 574 1218 606 -22-

541 679 759 724 exquirendis
794 679 948 723 epithetis
985 679 1216 723 Bacchylideis
1252 688 1446 723 pergamus.
1510 679 1717 723 Quaerimus

540 743 628 778 quae
652 734 716 768 alia
741 734 888 777 epitheta
912 733 965 768 hic
990 735 1088 777 poeta
1113 743 1154 767 ex
1172 733 1322 768 Homero
1348 734 1593 777 deprompserit
1617 735 1716 777 atque

541 788 691 822 maxime
715 788 746 822 id
772 789 976 831 spectamus,
1009 788 1181 831 quomodo
1207 788 1426 831 Bacchyiides
1451 797 1491 822 ea
1516 788 1714 823 adhibuerit.

539 842 738 876 Tractemus
764 842 865 886 igitur
889 842 1033 885 prImum
1059 842 1204 885 epitheta
1222 843 1362 876 deorum
1382 843 1602 885 heroumque.
1628 852 1716 886 quae

540 898 658 939 poetae
683 896 784 940 lyrico
809 906 885 930 cum
905 896 1055 930 Homero
1080 896 1275 930 communia
1293 898 1380 930 sunt.
1413 896 1505 931 Sane
1522 906 1590 930 non
1609 897 1715 930 affero

539 950 627 989 talia.
657 960 745 994 quae
776 950 929 984 omnium
961 950 1031 984 fere
1063 952 1237 993 poetarum
1272 959 1335 984 usu
1368 951 1486 984 detrita
1517 952 1595 984 sunt
1624 953 1714 985 velut

538 1003 669 1048 ἀγλαός,
695 1003 875 1048 ἀθάνατος,
901 1004 1078 1048 ἄμβροτος,
1102 1006 1234 1048 πότνια,
1267 1007 1443 1047 φιλόξενος
1460 1005 1535 1038 alia.
1567 1004 1635 1039 Sed
1662 1005 1714 1039 his

537 1058 686 1101 exceptis
719 1060 818 1092 restat
851 1068 1060 1102 permagnus
1091 1059 1314 1101 epithetorum
1348 1068 1521 1097 numerus,
1555 1069 1642 1102 quae
1671 1069 1711 1093 ex

538 1112 688 1146 Homero
714 1113 834 1146 hausit.
874 1113 986 1156 Atque
1008 1113 1130 1146 mirum
1156 1115 1215 1150 est.
1245 1123 1312 1156 qua
1337 1113 1466 1147 ratione
1493 1113 1713 1157 Bacchylides

536 1166 690 1208 epithetis
722 1175 805 1200 usus
836 1167 886 1200 sit.
936 1166 1023 1200 Nam
1049 1176 1099 1204 ea.
1132 1176 1220 1210 quae
1244 1176 1285 1201 ex
1311 1167 1462 1201 Homero
1495 1168 1710 1210 deprompsit.

535 1219 680 1262 epitheta
705 1221 904 1263 plerumque
933 1229 1000 1254 non
1026 1220 1135 1255 eidem
1166 1221 1230 1255 deo
1263 1222 1319 1255 aut
1348 1221 1440 1255 heroi
1471 1222 1627 1264 apposuit
1658 1222 1710 1255 eui

535 1273 716 1308 Homerus.
766 1274 858 1308 Haec
882 1275 963 1308 sunt
979 1277 1151 1317 exempla:

535 1355 563 1388 V
582 1358 623 1389 20
647 1355 756 1401 Ζηνὸς
773 1355 1014 1400 ἔρισφαράγουῖ
1041 1357 1132 1399 hym.
1151 1356 1185 1389 111
1209 1359 1266 1390 187
1293 1356 1520 1401 ἐρισφαράγου
1540 1357 1710 1402 Γαιηόχου

534 1410 633 1444 XVIII
657 1414 692 1444 17
718 1409 938 1455 εὐρυσθενέος
961 1411 1052 1450 Διόςῖ
1077 1413 1188 1444 11455
1215 1409 1415 1455 Ἐννοσίγαιε
1439 1410 1638 1456 εὖρυσθενές

532 1464 606 1498 XVI
624 1468 665 1498 77
691 1467 860 1509 Κρονίδας
883 1465 1065 1499 Ποσειδάνῖ
1092 1468 1121 1499 Β
1142 1469 1196 1498 111
1227 1467 1395 1510 Κρονίδης
1418 1467 1500 1506 Ζεύς

534 1517 562 1551 V
578 1522 621 1553 89
646 1521 854 1562 καλλίζωνος
872 1515 970 1563 ἽῙραὶ
996 1522 1029 1553 Il
1048 1522 1107 1554 139
1131 1522 1333 1562 καλλίςωνοι
1358 1529 1511 1564 γυναῖκες

532 1572 562 1606 Χ
579 1575 621 1608 99
646 1576 780 1613 Λατοῦς
804 1572 956 1617 θύγατρα
981 1576 1128 1615 βοῶπινέ
1153 1577 1188 1608 Σ
1203 1575 1267 1607 360
1291 1577 1422 1615 βοῶπις
1444 1574 1568 1609 πότνια
1587 1572 1670 1620 (Ἡρη

532 1626 561 1660 V
578 1630 620 1662 99
646 1625 830 1671 Ἀρτέμιδος
853 1629 1077 1662 λε·ωεο)λεί·ουῐ
1105 1630 1132 1661 Θ
1149 1631 1213 1661 484
1238 1627 1445 1668 λευκώλενος
1463 1626 1546 1674 (Ἡρη

531 1681 560 1716 X
583 1683 620 1716 16
645 1681 861 1725 βαθυζώνοιο
885 1685 1033 1722 Λατοῦςῖ
1058 1686 1076 1716 Ι
1092 1685 1155 1718 594
1180 1683 1401 1725 βαθυζώνους
1425 1692 1584 1727 γυναῖκας

531 1735 559 1768 V
577 1739 596 1770 3
623 1737 834 1779 ἰοστεφάνων
858 1740 1006 1771 Μοισᾶνῑ
1033 1737 1123 1780 hym.
1142 1736 1182 1770 VI
1206 1741 1243 1770 18
1270 1739 1471 1780 ἰοστεφάνου
1495 1741 1681 1783 Κυθερείης

529 1789 629 1823 XVIII
648 1793 686 1824 18
712 1789 837 1835 Ἰνάχου
854 1790 1102 1835 ῥοδοδάκτυλος
1117 1790 1217 1835 κόραξ
1235 1794 1264 1825 Α
1279 1795 1342 1824 477
1360 1791 1610 1835 ῥοδοδάκτυλος
1624 1791 1706 1833 Ἠώς

529 1843 539 1878 1
563 1846 622 1878 126
646 1843 856 1888 εὐπλόκαμος
879 1844 1008 1888 νύμφαῖ
1034 1859 1054 1890 η
1071 1848 1108 1878 41
1137 1844 1348 1889 εὖπλόκα,ιιος
1373 1845 1496 1891 Ἀθήνη

528 1898 584 1932 XII
606 1901 667 1932 184
693 1899 836 1944 Εὑκλείᾳ
861 1898 1115 1943 φιλοστεφάνῳῖ
1142 1900 1232 1942 hym.
1251 1899 1279 1932 V
1301 1903 1360 1934 102
1387 1901 1638 1944 φιλοστεφάνου

1507 1955 1704 2000 Ἀφροδίτης

527 2005 582 2040 XII
600 2008 642 2040 96
668 2004 820 2041 Ἐνδαΐδα
845 2006 1053 2051 ῥοδόπαχυνῖ
1079 2008 1169 2051 hym.
1188 2011 1263 2047 31,6
1290 2007 1354 2042 ’[Ιῶ
1378 2009 1570 2054 ῥοδόπηχυν

527 2059 555 2092 V
573 2061 614 2094 69
639 2062 839 2104 Πορθανίδα
864 2064 1153 2106 θρασιχιιεὶιινονοςῖ
1179 2066 1210 2096 Ε
1224 2064 1289 2097 639
1310 2061 1479 2108 ῚΙρακλῆα

1441 2120 1701 2161 θρασυμέμνονα

526 2167 554 2201 V
576 2169 636 2202 160
664 2170 788 2214 Οἰνῆος
811 2167 1009 2214 α’ρηϊφίλουῑ
1033 2174 1063 2204 Ρ
1081 2174 1140 2205 138
1165 2169 1344 2216 ἀρηΐφιλος
1368 2175 1540 2207 Μενέλαος

524 2221 553 2255 V
570 2225 612 2257 97
636 2224 827 2265 πλάξιππος
853 2223 984 2264 Οἰνεῦςί
1010 2228 1040 2258 Β
1061 2228 1121 2258 104
1145 2228 1273 2260 Πέλοπι
1297 2229 1479 2271 πληξίππῳ

523 2276 554 2310 Χ
571 2280 612 2310 25
638 2275 743 2321 ἁγνοῦ
767 2280 936 2318 Πέλοποςῖ
962 2289 981 2313 σ
999 2281 1061 2312 202
1083 2277 1233 2323 ’Ἄρτεμις
1258 2279 1341 2325 ἁγνή

522 2330 578 2364 XII
601 2334 661 2364 134
685 2331 851 2376 αἰχματὰν
872 2331 1032 2376 Ἀχιλλέαῑ
1058 2337 1088 2367 Ε
1107 2336 1165 2368 197
1192 2333 1334 2379 αἰχμητὰ
1358 2334 1506 2369 Λυκάων

523 2383 552 2417 V
574 2388 634 2419 130
658 2385 911 2430 καρτερόθυμος
931 2385 1040 2432 ’Ἀρηςῑ
1066 2391 1177 2422 ΝδδΟ
1196 2387 1345 2433 Ἀχιλλέα
1369 2389 1626 2434 καρτερόθυμον

523 2439 622 2474 XVIII
641 2443 683 2474 30
705 2443 877 2486 ποδαρκὲα
903 2440 1043 2486 ἄγγελον
1066 2442 1159 2482 Διόςῑ
1185 2446 1214 2478 Α
1237 2446 1291 2477 121
1324 2443 1498 2489 ποδαρκὴς
1523 2443 1696 2488 Ἀχιλλεύς.

590 2511 721 2547 Deinde
746 2513 778 2546 in
799 2513 1010 2557 Bacchylidis
1034 2514 1241 2549 carminibus
1258 2515 1358 2550 etiam
1377 2516 1523 2559 epitheta
1541 2517 1696 2551 ornantia
