2303 3141
615 637 727 671 medio
753 637 939 680 relinquere
964 646 1156 679 possumus,
1183 636 1379 679 praesertim
1406 646 1483 670 cum
1511 636 1731 679 Bacchylides
1758 637 1789 670 id

614 691 754 726 omnino
779 700 847 725 non
866 692 991 734 spectet
1008 692 1107 734 atque
1125 690 1256 734 lignum
1277 691 1308 724 in
1326 692 1458 724 vetusta
1475 690 1669 725 narratione
1686 690 1790 725 fuisse

614 755 690 779 mea
715 745 881 779 sententia
906 748 1033 779 certum
1059 745 1109 779 sit.

679 799 899 842 Bacchylides
924 799 1025 843 igitur
1051 799 1082 833 in
1107 799 1222 833 fabula
1246 800 1443 843 Meleagrea
1468 800 1639 833 narranda
1668 799 1787 842 partim

611 854 799 888 Homerum
825 856 961 888 secutus
986 856 1045 892 est,
1072 854 1190 897 partim
1222 863 1263 887 ex
1293 854 1358 888 alio
1388 854 1480 888 fonte
1508 856 1640 888 vetusto
1667 855 1788 889 hausit.

676 907 836 943 Secundo
861 909 934 942 loco
959 908 1179 951 inspiciamus
1204 917 1340 942 carmen
1366 908 1431 948 XII,
1458 908 1554 942 cuius
1571 909 1725 951 mythum
1752 909 1785 942 in

611 961 750 996 Homeri
775 971 909 1005 quoque
933 961 1140 995 carminibus
1165 961 1367 996 invenimus.
1421 962 1586 996 Narratur
1613 963 1787 1006 quomodo

609 1015 705 1054 Aiax,
746 1025 823 1049 cum
860 1016 960 1049 ceteri
996 1014 1117 1050 Graeci
1151 1015 1359 1054 recesserint,
1400 1017 1494 1050 solus
1519 1025 1595 1049 cum
1633 1016 1787 1050 hostibus

608 1071 737 1113 pugnet
773 1072 804 1104 et
841 1069 995 1104 Hectoris
1031 1079 1136 1103 naves
1170 1068 1378 1104 Graecorum
1416 1070 1585 1104 incensuri
1623 1070 1785 1113 impetum

609 1126 755 1167 repellat.
791 1124 972 1158 Manifeste
989 1125 1215 1158 manaverunt
1233 1124 1444 1167 Bacchylidis
1461 1133 1581 1159 versus
1610 1128 1670 1158 104
1695 1134 1786 1168 sqq.:

902 1189 1032 1222 Αἴαντα
1054 1187 1269 1231 σακεσφόρον
1290 1184 1391 1232 ἥ[ρω,

903 1239 974 1276 ὅστ’
995 1243 1050 1276 ἐπὶ
1069 1241 1203 1286 ,πρύμνᾳ
1228 1244 1364 1281 σταθεὶς

1010 1296 1104 1339 ἔσχεν
1127 1295 1382 1339 θρασυκάρδιον
1407 1294 1485 1340 [ὁρ-

1006 1352 1170 1393 μαίνοντα
1196 1350 1297 1391 ν[ᾶας

901 1406 1070 1448 θεσπεσίῳ
1093 1405 1192 1447 auspi
1216 1407 1337 1438 καῦσαι

895 1455 1035 1503 Ἕκτορα
1063 1459 1352 1503 χαλ[κεομίτρα]ν.

604 1531 646 1556 ex
671 1522 771 1557 Hom.
797 1521 828 1557 O
853 1523 918 1556 674
943 1531 1030 1566 sqq.:

711 1575 784 1612 οὐδ’
808 1575 862 1621 ἄρ’
887 1575 934 1611 ἔτ’
959 1578 1080 1611 Αἴαντι
1105 1576 1306 1622 μεγαλήτορι
1334 1573 1456 1621 ἥνδανε
1485 1581 1584 1621 θυμῷ

710 1629 860 1676 ἑστάμεν,
887 1632 971 1666 ἔνθα
996 1645 1058 1676 περ
1083 1629 1180 1666 ἄλλοι
1207 1629 1402 1674 ἀφέστασαν
1427 1631 1495 1671 υἷες
1522 1630 1680 1676 Ἀχαίων·

709 1683 783 1719 ἀλλ’
807 1682 829 1720 ὅ
852 1699 886 1730 γε
914 1689 1006 1730 νηῶν
1031 1684 1110 1729 ἴκρι’
1127 1685 1275 1730 ἐπῴχετο
1299 1685 1409 1730 μακρὰ
1433 1686 1622 1730 βιβάσθων,

709 1739 803 1783 νώμα
828 1741 863 1774 δὲ
887 1739 1009 1782 ξυστὸν
1030 1742 1112 1784 μέγα
1136 1739 1308 1784 ναύμαχον
1331 1742 1368 1775 ἐι·
1388 1740 1589 1785 παλάμῃσιν.

600 1804 652 1836 vel
682 1811 725 1836 ex
753 1801 784 1837 O
815 1804 878 1837 685
908 1811 974 1846 sq.:

707 1855 754 1896 ὥς
777 1859 862 1896 Αἴας
887 1858 942 1891 ἐπὶ
966 1856 1076 1892 πολλὰ
1102 1857 1223 1891 θοάων
1248 1859 1338 1901 ἴκρια
1363 1861 1456 1902 νηῶν

707 1914 809 1954 φοίτα
836 1910 947 1955 μακρὰ
975 1911 1082 1955 βιβάς,
1112 1911 1211 1956 φωνὴ
1241 1914 1278 1946 δέ
1305 1913 1337 1946 οἱ
1365 1911 1476 1956 αἰθέρ’
1503 1913 1626 1947 ἵκανεν.

598 1976 649 2008 vel
675 1974 855 2017 praecipue
881 1984 922 2008 ex
947 1973 977 2009 O
1004 1977 1067 2008 730
1091 1983 1157 2018 sq.:

705 2027 779 2062 ἔνθ’
800 2026 853 2072 ἄρ’
879 2025 898 2063 ὅ
924 2027 953 2072 γ’
979 2028 1109 2073 ἑστήκει
1130 2031 1362 2073 δεδοκημένος,
1387 2030 1475 2073 ἔγχεϊ
1500 2028 1597 2064 δἀἰεί,

654 2116 658 2120 ,
709 2086 823 2126 Τροΐας
844 2080 946 2126 ἄμυνε
964 2086 1060 2126 νεῶν,
1079 2079 1116 2122 ὃς
1132 2097 1182 2122 τις
1199 2085 1297 2126 φέροι
1314 2082 1488 2127 ἀκάματον
1503 2087 1580 2127 πῦρ.

596 2144 729 2188 πρύμνα
754 2154 888 2189 quoque
913 2146 1002 2188 apud
1028 2145 1214 2179 Homerum
1242 2149 1530 2180 commemoratur
1554 2146 1585 2181 O
1611 2150 1691 2181 704:

697 2195 835 2244 ’Ἕκτωρ
860 2201 895 2233 δὲ
915 2198 1068 2244 πρύμνης
1095 2199 1170 2240 νεὸς
1198 2197 1309 2244 ἥψατο
1336 2200 1578 2245 ποντοπόροιο.

662 2260 731 2296 Sed
755 2270 797 2296 ex
822 2262 931 2296 allatis
954 2262 1108 2296 versibus
1137 2263 1290 2297 nondum
1323 2263 1565 2308 cognoscimus
1589 2263 1770 2299 Hectorem

596 2315 706 2358 ipsum
732 2315 766 2350 in
791 2325 897 2350 naves
917 2315 1125 2351 Graecorum
1151 2317 1267 2361 ignem
1292 2317 1416 2352 inicere
1438 2318 1598 2352 voluisse.
1639 2317 1769 2353 Tamen

595 2371 660 2404 hoc
685 2379 820 2414 quoque
851 2370 1072 2414 Bacchylides
1102 2381 1144 2406 ex
1175 2371 1326 2406 Homero
1358 2372 1574 2416 deprompsit.
1623 2372 1712 2407 Nam
1738 2372 1769 2408 O

595 2426 658 2459 596
689 2433 738 2469 sq.
766 2424 919 2469 ‚Iuppiter
951 2425 1108 2467 decernit,
1143 2427 1178 2460 ut
1210 2426 1368 2461 incendat
1400 2426 1526 2461 Hector
1558 2425 1767 2462 Graecorum

593 2487 709 2513 naves.
