2226 3133
70 2855 78 2865 r
68 295 136 2850 :zmwmmfflfflmz⁶fflmme—nm—-——ffi

978 577 1155 610 „36-

478 675 714 709 illustrandum
740 684 838 709 cerva
863 674 943 708 nihil
969 674 1039 708 iere
1063 675 1161 710 valet.
1188 675 1220 707 at
1241 675 1340 716 poeta
1357 682 1504 707 scaenae
1521 673 1565 706 illi
1584 673 1654 706 ani-

477 729 618 763 malium
643 730 749 763 totum
775 738 812 762 se
829 728 928 762 dedit.
977 728 1022 762 lta
1038 727 1084 765 fit,
1110 729 1145 761 ut
1161 727 1434 769 comparationes
1452 727 1654 761 Homericae

477 783 567 816 haud
594 792 669 816 raro
694 783 800 816 multo
826 782 938 826 magis
963 781 1142 816 dilatentur
1173 791 1274 825 quam
1307 790 1360 815 res
1385 781 1458 824 ipsa
1483 783 1654 823 postulare

475 836 616 870 videtur.
663 835 756 871 Sane
780 835 835 869 tali
861 835 1113 878 comparatione
1139 844 1248 869 novae
1272 835 1461 869 sententiae
1486 844 1553 868 non
1579 844 1653 877 pro-

475 890 636 929 teruntur,
662 891 722 924 sed
748 900 816 924 una
840 890 960 924 eadem
986 889 1100 923 multis
1124 889 1236 923 verbis
1260 890 1420 923 tractatur
1436 891 1467 923 et
1487 889 1651 923 dilatatur.

476 943 554 987 Qua
601 944 643 978 de
690 953 794 978 causa
834 953 918 977 usus
955 943 1247 986 comparationum
1289 943 1401 985 poesis
1441 943 1555 985 epicae
1603 945 1652 977 est

475 997 639 1040 proprius,
673 1007 760 1041 quae
794 1007 853 1040 per
885 1007 922 1031 se
955 997 1071 1031 omnia
1105 997 1228 1030 dilatat.
1287 996 1386 1030 Nunc
1419 997 1650 1040 exquiramus.

474 1052 646 1095 quomodo
666 1051 887 1094 Bacchylides
911 1050 1222 1093 comparationibus
1247 1059 1330 1084 usus
1354 1050 1405 1084 sit.
1453 1051 1562 1093 Atque
1587 1051 1650 1093 pri-

475 1115 549 1139 mos
580 1107 672 1140 locos
703 1105 853 1139 obtinent
886 1105 960 1139 illae
993 1104 1161 1148 imagines
1193 1104 1225 1138 in
1258 1114 1361 1138 carm.
1395 1104 1423 1137 V
1449 1106 1480 1138 et
1511 1105 1576 1141 Xll.
1608 1106 1649 1138 de

473 1159 595 1202 quibus
620 1159 757 1193 uberius
782 1168 884 1203 agere
908 1158 1020 1192 velim.
1069 1158 1103 1192 In
1129 1168 1231 1192 carm.
1253 1158 1282 1191 V
1307 1158 1397 1192 enim
1424 1160 1532 1201 poeta.
1559 1161 1647 1201 post-

473 1222 575 1256 quam
594 1212 771 1247 consilium
791 1212 949 1247 Hieronis
967 1212 1126 1246 laudandi
1145 1212 1335 1251 declaravit,
1361 1212 1409 1246 sic
1426 1213 1535 1256 pergit
1551 1222 1581 1245 v.
1602 1215 1648 1246 lo:

1169 1266 1282 1308 βαθὺν

793 1321 955 1365 δἀἰθὲρα
980 1325 1136 1364 ξουθαῖσι
1160 1322 1296 1365 τάμνων

686 1374 776 1418 ὑψοῦ
799 1375 995 1419 πτερύγεσσι
1019 1377 1125 1420 ταχεί-

791 1443 844 1469 αις
868 1428 979 1469 αἰετὸς
1003 1428 1227 1473 εὗρε-ἄνακτος
1251 1428 1389 1474 ἄγγελος

685 1482 794 1528 Ζηνὸς
818 1485 1043 1527 ἐρισφαράγου

793 1542 916 1582 θαρσεῖ
936 1541 1080 1584 κρατερᾷ
1104 1541 1245 1578 πίσυνος

686 1593 780 1636 ἰσχύϊ,
805 1592 988 1627 πτάσσοντι
1013 1590 1143 1635 δ’ὅριί-

790 1660 843 1690 χες
868 1647 1090 1690 λιγύφθογγοι
1115 1645 1231 1690 φόβῳ·

683 1699 724 1735 οὔ
749 1714 802 1735 ιἰι·
825 1703 972 1743 κορυφαὶ
995 1701 1137 1744 μεγάλας
1166 1702 1295 1744 ἴσχουσι
1321 1703 1430 1744 γαίας,

789 1753 866 1789 οὐδ’
893 1753 973 1794 ἁλὸς
997 1753 1168 1798 ἀκαμάτας

683 1810 897 1842 δυσπαίπαλα
921 1809 1067 1851 κε’-ματα·
1092 1811 1201 1851 νωμᾶ-

788 1876 842 1896 ται
868 1862 944 1896 δ’ἐυ
969 1861 1100 1906 ἀτρύτῳ
1123 1861 1195 1906 χάει

681 1915 880 1960 λεπτότριχα
905 1915 967 1950 σίν
991 1915 1138 1959 ζεφύρου
1161 1929 1256 1950 πνοι-

787 1978 879 2003 arom
903 1970 1038 2013 ἔθειραι·
1062 1968 1202 2013 ἀρίγνω-

787 2037 845 2062 τος
867 2023 936 2066 μετ“
962 2021 1159 2066 ἀνθρώποις
1186 2025 1282 2057 ἰδεῖν·

680 2075 748 2116 τώς
773 2080 834 2111 νῦν
858 2079 914 2110 καὶ
938 2077 1012 2119 ἐμοὶ
1029 2103 1035 2109 .
1055 2103 1062 2110 .
1081 2104 1087 2110 .
1106 2086 1134 2110 e.
1152 2086 1182 2119 q.
1201 2086 1226 2110 S.

533 2129 600 2173 Qui
626 2130 689 2164 hos
712 2139 832 2164 versus
851 2139 996 2163 canoros
1013 2130 1093 2173 legit
1110 2139 1237 2173 negare
1254 2130 1310 2164 vix
1327 2132 1435 2173 potest
1453 2130 1638 2175 imaginem

466 2183 816 2227 magificentissimam
841 2193 928 2221 esse,
953 2193 1090 2218 summo
1115 2186 1213 2226 poeta
1238 2183 1389 2228 dignam.
1439 2184 1472 2218 In
1499 2185 1637 2219 modum

465 2237 604 2272 Homeri
630 2237 851 2281 Bacchylides
879 2237 1034 2282 singulas
1066 2247 1118 2272 res
1150 2240 1262 2280 aperte
1294 2237 1452 2281 depinxit.
1485 2248 1551 2282 qua
1584 2240 1639 2273 de-

464 2291 643 2334 scriptione
668 2291 780 2335 aquila
805 2292 899 2336 regia
924 2301 999 2325 cum
1027 2292 1190 2336 dignitate
1222 2301 1281 2335 per
1312 2292 1519 2327 immensum
1553 2293 1639 2328 aeris

464 2345 608 2388 spatium
634 2347 755 2380 volans
780 2345 1046 2380 luculentissime
1071 2348 1148 2380 ante
1172 2347 1290 2381 oculos
1314 2348 1476 2381 versatur.
1525 2348 1638 2382 Altera

464 2401 576 2434 autem
603 2399 729 2444 imago,
755 2410 842 2444 quae
867 2401 1040 2434 tractanda
1066 2403 1124 2438 est.
1151 2402 1259 2435 exstat
1284 2401 1316 2435 in
1342 2410 1445 2435 carm.
1465 2401 1530 2436 XII.
1557 2402 1638 2437 Tro-

462 2454 530 2494 iani
563 2454 664 2490 enim.
698 2456 876 2498 postquam
910 2455 1056 2488 Achilles
1081 2464 1099 2488 e
1128 2464 1245 2499 pugna
1274 2465 1311 2489 se
1343 2456 1475 2498 recepit,
1509 2466 1637 2499 magno

462 2509 590 2552 gaudio
621 2508 730 2542 affecti
756 2509 788 2542 in
815 2518 971 2551 campum
999 2511 1150 2551 apertum
1177 2518 1214 2543 se
1239 2509 1440 2543 effuderunt.
1491 2509 1636 2552 Compa-
