2226 3133
286 3065 289 3073 ,
285 2895 299 3020 τιὴ.

1107 553 1280 582 *41-

604 646 704 679 situm
731 649 779 679 est
805 646 837 679 in
863 649 981 688 poetae
1007 647 1118 680 nativa
1150 648 1297 690 quadam
1331 647 1542 689 simplicitate
1575 649 1673 690 atque
1707 657 1777 690 per-

603 699 787 742 spicuitate.
850 700 917 735 Sed
952 702 1040 734 haud
1074 701 1143 735 scio
1177 711 1218 734 an
1253 699 1310 734 Cei
1343 702 1461 743 poetae
1493 701 1644 734 carmina
1676 701 1776 735 etiam

603 756 777 796 propterea
814 755 910 789 facile
946 755 1180 798 percipiamus.
1216 756 1305 798 quod
1343 755 1534 798 legentibus
1570 756 1778 789 elocutiones

603 808 814 847 Homericae,
841 819 927 853 quae
953 809 1051 843 nobis
1075 819 1094 843 a
1120 809 1260 852 pueritia
1286 812 1386 842 notae
1410 809 1486 847 sint,
1512 818 1614 852 saepe
1632 809 1665 843 in
1684 819 1777 843 men—

602 865 668 896 tem
694 863 843 897 veniunt.
891 866 1000 906 Atque
1022 864 1257 906 Bacchylidem
1284 864 1326 898 ad
1344 863 1490 906 epitheta
1508 863 1685 897 efficienda
1703 873 1776 897 sae-

602 917 740 960 pissime
766 917 904 951 Homeri
936 918 1182 952 elocutionibus
1212 927 1310 952 usum
1337 927 1412 952 esse
1437 927 1540 960 supra
1565 919 1776 952 demonstra-

602 971 722 1006 vimus.
771 972 848 1015 Qua
873 973 916 1006 de
940 982 1043 1006 causa
1069 982 1128 1015 per
1151 982 1188 1007 se
1212 972 1394 1006 verIsimile
1411 976 1461 1006 est
1478 973 1577 1006 etiam
1598 972 1629 1006 in
1649 973 1775 1016 reliqua

601 1026 789 1060 elocutione
821 1036 888 1061 non
921 1036 996 1060 raro
1028 1027 1228 1061 Homericos
1262 1026 1423 1061 flosculos
1455 1027 1606 1061 inveniri.
1671 1027 1709 1060 Et
1742 1036 1776 1061 re

601 1090 679 1114 vera
714 1081 933 1123 Bacchylides
964 1082 1083 1114 eodem
1116 1081 1218 1115 modo
1250 1090 1317 1124 quo
1348 1080 1493 1124 epitheta
1525 1081 1609 1115 alias
1640 1091 1775 1124 quoque

600 1135 886 1169 conformationes
912 1135 1110 1169 Homericas
1135 1135 1296 1169 adhibuit.
1346 1135 1433 1169 Nam
1468 1135 1606 1169 Homeri
1639 1135 1774 1169 elocuti-

599 1197 683 1222 ones
708 1191 764 1222 aut
789 1189 986 1223 immutatae
1010 1196 1067 1223 aut
1091 1189 1232 1223 consilio
1262 1191 1411 1223 mutatae
1443 1190 1531 1232 apud
1563 1199 1641 1223 eum
1676 1190 1774 1223 nobis

598 1245 782 1277 occurrent.

665 1299 773 1339 Atque
805 1297 913 1339 primo
946 1300 1018 1331 loco
1050 1306 1109 1330 eae
1141 1297 1308 1331 formulae
1341 1297 1536 1330 afferendae
1567 1299 1654 1335 sunt.
1687 1306 1773 1340 quas

598 1351 818 1393 Bacchylides
836 1351 984 1394 integras
1001 1351 1072 1384 suis
1089 1350 1295 1384 carminibus
1313 1351 1461 1390 inseruit,
1487 1353 1517 1385 et
1536 1351 1616 1384 nihil
1636 1351 1772 1385 interest

598 1407 708 1438 utrum
735 1404 846 1448 aliqua
870 1404 1016 1438 formula
1041 1405 1161 1438 eadem
1187 1404 1441 1438 coordinatione
1466 1414 1532 1448 qua
1558 1405 1599 1438 ab
1621 1405 1772 1438 Homero

596 1458 696 1492 etiam
723 1468 742 1491 a
767 1457 836 1492 Ceo
862 1461 960 1501 poeta
992 1458 1140 1491 adhibita
1174 1468 1216 1492 an
1251 1458 1366 1492 leviter
1397 1458 1525 1491 variata
1556 1458 1607 1492 sit.
1656 1458 1770 1492 Inveni

597 1514 709 1545 autem
736 1513 833 1545 haec:

703 1566 725 1598 11
751 1569 769 1599 3
795 1566 931 1609 φέρουσ’
957 1564 1132 1610 ἀγγελίαν.·
1157 1570 1182 1599 Ο
1213 1569 1272 1599 174
1297 1564 1452 1610 ἀγγελίην
1477 1568 1625 1609 φέρουσα

703 1620 738 1654 lll
764 1624 805 1654 34
830 1619 977 1654 ἄλαστον
1002 1622 1216 1663 δυρομέναις·
1239 1626 1257 1662 ’ς’
1286 1623 1346 1653 174
1370 1619 1518 1654 ἄλαστον
1542 1618 1702 1664 ὀδύρομαι

702 1674 737 1707 111
763 1677 804 1708 36
829 1677 926 1718 χέρας
951 1674 1024 1713 δ’ἐς
1048 1675 1168 1717 αἰθέρα
1193 1672 1325 1717 αἐίρας.’

808 1733 826 1762 λ
851 1731 914 1762 423
939 1727 1004 1772 ἐγώ
1028 1731 1107 1763 ποτὶ
1132 1731 1208 1772 γαίῃ
1232 1737 1343 1772 χεῖρας
1367 1727 1491 1772 ἀείρων

702 1782 736 1816 lll
762 1786 804 1817 79
829 1781 949 1826 αὔριον
971 1781 1073 1825 ι’)’ψεαι
1095 1786 1225 1826 μοῦνον
1249 1781 1346 1816 ἁλίου
1372 1781 1477 1824 ‹princ-.-

807 1840 827 1871 δ’
850 1840 914 1870 833
939 1839 992 1871 καὶ
1019 1836 1083 1883 ὁρᾷ
1107 1837 1194 1879 ([«άος
1219 1836 1346 1882 ἠελίοιο

700 1890 728 1924 V
753 1893 795 1924 46
820 1891 902 1937 ῥιπᾷ
926 1893 1055 1934 Bope'a:
1080 1895 1106 1925 'l'
1127 1895 1191 1925 358
1218 1890 1280 1925 ὑπὸ
1308 1891 1407 1936 ῥιπῆς
1432 1893 1562 1935 Βορέαο

699 1944 727 1978 V
751 1948 789 1979 81
817 1946 927 1990 προΐει
951 1944 1086 1980 ιῖϊστόν.·
1111 1949 1137 1979 Θ
1163 1948 1224 1980 297
1249 1947 1399 1990 προέηκα
1422 1944 1558 1985 ὀιστούς

700 1998 728 2031 V
752 2002 795 2032 84
820 2001 860 2034 οὗ
882 2013 934 2033 τοι
960 2002 1052 2039 ὁ“έος;
1073 2003 1102 2033 Α
1129 2003 1191 2033 515
1218 1998 1257 2034 οὔ
1282 2014 1335 2034 τοι
1360 2001 1413 2034 ἔπι
1439 2002 1513 2039 δέος

699 2052 727 2086 V
758 2057 816 2088 139
841 2055 911 2097 ἐμοὶ
937 2053 1119 2095 βούλευσεν
1141 2053 1310 2098 ‹sse-{wow-

804 2109 835 2144 Ξ
856 2109 921 2141 464
945 2111 994 2152 τῷ
1017 2110 1091 2142 θεοὶ
1117 2108 1305 2149 βούλευσαν
1329 2107 1475 2152 ὄλεθρον

698 2161 725 2195 V
756 2163 815 2196 169
840 2161 903 2196 τὰν
928 2187 935 2194 .
962 2187 968 2194 .
995 2187 1001 2194 .
1027 2165 1149 2206 θείμαν
1173 2161 1323 2197 ἅκοιτιν.·

804 2230 828 2259 (p
855 2218 918 2250 316
943 2219 999 2250 καὶ
1024 2216 1082 2261 ἑὴν
1106 2218 1272 2261 θήσεσθαι
1297 2215 1430 2251 ἄκοιτιν

697 2270 725 2303 V
755 2274 814 2304 183
838 2273 937 2305 ποσσὶ
964 2270 1120 2315 νικήσας.·
1145 2274 1174 2304 Γ
1195 2274 1258 2304 410
1282 2270 1421 2305 πόδεσσι
1446 2272 1539 2305 ἐνίκα

697 2324 738 2358 IX
764 2327 805 2359 39
829 2328 929 2368 τιμᾶν
953 2324 1137 2368 hlefi-4053:
1159 2329 1177 2358 λ
1203 2328 1267 2358 304
1291 2324 1391 2369 τιμὴν
1415 2327 1609 2369 λελόγχασιν

698 2378 738 2411 IX
764 2383 799 2411 41
831 2377 850 2423 ἥ
875 2392 950 2412 τινα
976 2382 1190 2422 θευπροπίαν
1213 2380 1328 2417 εἰόιύς.·

802 2435 831 2465 Ζ
852 2435 917 2465 438
943 2430 961 2476 ἢ
988 2459 994 2466 .
1021 2458 1028 2465 .
1055 2458 1061 2465 .
1087 2435 1300 2476 θευπροπίαν
1324 2431 1360 2467 ὲὺ
1385 2432 1484 2471 είδώς

696 2485 737 2518 IX
762 2489 804 2519 43
827 2488 986 2520 ποικίλον
1009 2485 1111 2528 τόξον
1135 2489 1292 2520 τιταίνει.·
1317 2491 1344 2520 Θ
1369 2488 1432 2520 266
1456 2486 1538 2529 τόξα
1563 2490 1724 2521 τιταίνων
