2303 3141
1086 549 1261 579 -ο-

652 650 761 692 Atque
786 648 886 682 etiam
914 647 946 680 in
970 642 1108 690 proelio,
1140 645 1230 688 quod
1255 646 1329 687 post
1355 653 1473 686 aprum
1500 642 1649 676 occisum
1680 641 1765 674 inter

585 705 724 738 Aetolos
748 705 779 737 et
805 701 945 737 Curetes
969 702 1078 735 ortum
1105 701 1164 738 est,
1192 698 1414 733 describendo
1440 695 1661 740 Bacchylides
1686 704 1763 729 cum

586 758 736 793 Homero
767 766 834 792 non
867 758 966 800 plane
997 754 1178 798 consentit.
1235 753 1321 788 Nam
1354 752 1442 796 apud
1480 751 1668 786 Homerum
1704 760 1763 793 pu-

585 814 710 857 gnatur
741 812 782 846 de
815 811 921 854 capite
953 812 984 845 et
1020 811 1114 853 pelle,
1150 809 1239 852 apud
1267 807 1504 851 Bacchylidem
1542 808 1654 840 autem
1682 804 1763 839 nihil

586 868 676 902 aliud
702 866 766 901 nisi
791 866 886 910 pellis
911 867 961 900 est
986 863 1184 908 praemium.
1243 862 1373 897 Deinde
1398 862 1430 896 in
1457 862 1521 895 hac
1553 869 1669 904 pugna
1693 859 1764 893 Me-

586 924 740 966 leagrum
779 930 884 955 unum
922 921 1129 954 avunculum
1166 917 1372 952 interfecisse
1409 916 1580 950 Homerus
1620 913 1764 951 tradidit.

586 986 663 1011 cum
689 985 730 1011 ex
754 975 979 1018 Bacchylidea
1003 973 1197 1008 narratione
1213 972 1392 1006 videamus
1410 972 1497 1005 duos
1514 970 1653 1004 necatos
1678 977 1764 1003 esse.

587 1030 636 1066 Cf.
663 1030 763 1065 Hom.
789 1039 820 1064 v.
846 1031 910 1064 566
935 1038 1002 1073 sq.:

924 1110 930 1117 .
958 1108 964 1115 .
990 1080 1069 1128 ἥρα
1086 1087 1218 1117 θεοῖσιν

799 1137 899 1173 πόλλ’
923 1135 1056 1182 ἆχέουσ’
1081 1135 1185 1182 ἠρᾶτο
1210 1134 1426 1180 κασιγνήτοιο
1453 1134 1575 1177 φόνοιο

587 1202 664 1227 cum
691 1193 811 1227 Bacch.
837 1202 867 1226 v.
892 1195 948 1226 127
975 1201 1066 1236 sqq.:

801 1245 874 1281 ἔνθ’
891 1246 956 1291 ἐγώ
972 1250 1113 1285 πολλοῖς
1136 1244 1198 1280 σὺν
1222 1244 1337 1284 ἄλλοις

850 1300 998 1344 Ἴφικλον
1021 1303 1229 1335 κατέκτανον

802 1355 928 1390 ἐσθλόν
950 1354 981 1389 τ’
1004 1354 1181 1400 Ἀφάρητα,
1208 1352 1315 1393 θοοὺς
1338 1352 1505 1397 μάτρωας·

656 1419 705 1454 Ex
730 1419 782 1454 his
803 1419 912 1453 allatis
935 1419 1072 1462 apparet
1093 1417 1331 1460 Bacchylidem
1357 1426 1377 1450 a
1402 1415 1594 1450 narratione
1612 1413 1766 1448 Homeri—

587 1483 628 1508 ca
659 1483 726 1508 non
759 1482 834 1508 raro
867 1474 1040 1510 recedere;
1088 1471 1240 1506 adhibuit
1276 1471 1377 1515 igitur
1415 1472 1547 1513 praeter
1577 1469 1766 1502 Homerum

588 1528 691 1562 alium
726 1537 860 1572 quoque
894 1527 1032 1562 fontem.
1097 1525 1165 1562 Sed
1201 1528 1383 1569 antequam
1418 1525 1483 1558 hoc
1521 1523 1766 1560 discernamus,

588 1585 789 1626 spectemus,
824 1582 996 1625 quomodo
1021 1581 1155 1615 venatio
1185 1581 1274 1623 apud
1304 1581 1458 1622 posteros
1483 1581 1646 1612 narretur.
1705 1576 1767 1610 Ke-

588 1637 665 1671 kule‘
691 1637 747 1680 (de
771 1636 885 1670 fabula
909 1637 1105 1680 Meleagrea
1134 1636 1185 1678 10)
1211 1637 1314 1678 putat,
1340 1634 1407 1668 iarn
1433 1633 1522 1676 apud
1549 1634 1666 1675 poetas
1690 1633 1767 1674 post

588 1691 776 1737 Homerum
803 1691 916 1734 epicos
933 1691 1126 1724 Atalantam
1146 1689 1216 1732 apri
1233 1687 1404 1722 venationi
1428 1686 1629 1720 interfuisse.
1665 1684 1766 1728 Quod

587 1745 688 1779 etiam
715 1746 778 1779 hac
802 1754 838 1779 re
861 1744 994 1788 probari
1019 1743 1160 1782 videtur,
1185 1743 1276 1787 quod
1294 1744 1451 1776 Atalanta
1475 1741 1543 1774 iam
1562 1740 1594 1773 in
1613 1749 1653 1774 eo
1671 1748 1763 1777 vase,

588 1800 678 1844 quod
704 1808 868 1834 vocamus
893 1798 1172 1840 Francois-Vase‚
1196 1797 1373 1834 invenitur,
1396 1795 1486 1839 quod
1511 1804 1573 1829 vas
1597 1794 1666 1828 fere
1691 1803 1768 1827 cen-

589 1856 659 1888 tum
686 1863 795 1888 annos
820 1856 897 1887 ante
924 1853 1159 1896 Bacchylidem
1184 1852 1300 1886 fictum
1330 1852 1390 1885 est.
1446 1850 1546 1892 Apud
1577 1849 1765 1883 Homerum

588 1910 712 1946 autem,
744 1907 873 1942 fontem
904 1907 1189 1951 antiquissimum,
1221 1907 1378 1940 Atalanta
1409 1904 1506 1948 virgo
1543 1912 1611 1937 non
1648 1903 1767 1936 exstat.

589 1962 835 1996 Posterioribus
876 1961 1084 2004 temporibus
1122 1960 1288 2004 Meleagri
1323 1968 1420 1993 amor
1455 1958 1487 1992 in
1525 1957 1691 2001 virginem
1736 1956 1767 1989 in

588 2015 837 2058 amplissimum
859 2017 969 2049 locum
988 2015 1171 2057 productus
1195 2016 1255 2048 est.
1297 2012 1474 2047 Probabile
1500 2013 1551 2045 est
1573 2010 1766 2053 Euripidem

588 2070 734 2113 primum
766 2069 917 2103 fabulam
942 2069 990 2102 sic
1021 2068 1172 2102 finxisse.
1227 2068 1403 2110 Meleager
1427 2065 1528 2103 enim,
1560 2065 1616 2108 qui
1646 2074 1764 2107 aprum

589 2123 761 2163 interfecit,
787 2132 904 2157 amore
930 2123 1097 2156 adductus
1114 2122 1291 2156 Atalantae
1312 2121 1411 2163 caput
1435 2122 1467 2153 et
1491 2121 1613 2162 pellem
1639 2117 1768 2160 dedit.¹)

589 2176 690 2220 Quod
736 2176 834 2210 ceteri
870 2178 1049 2210 venatores
1093 2175 1271 2219 praecipue
1304 2172 1470 2217 Meleagri
1505 2172 1664 2206 avunculi
1698 2180 1766 2205 non

589 2231 830 2265 concesserunt
854 2232 885 2264 et
909 2231 1102 2263 Atalantam
1128 2238 1270 2263 munere
1287 2228 1526 2271 spoliaverunt.
1575 2225 1653 2268 Quo
1677 2225 1766 2259 facto

590 2285 693 2318 iratus
729 2284 904 2328 Meleager
939 2284 1127 2317 avunculos
1166 2292 1249 2317 suos
1291 2281 1461 2316 interfecit.
1526 2282 1632 2314 Amor
1668 2279 1770 2323 igitur

589 2338 755 2382 Meleagri
789 2337 822 2372 in
857 2339 1050 2372 Atalantam
1085 2338 1175 2380 apud
1210 2338 1273 2370 hos
1305 2335 1485 2379 scriptores
1523 2333 1662 2368 maximi
1697 2342 1768 2366 mo-

591 2393 695 2427 menti
719 2395 778 2431 est,
805 2401 874 2426 non
901 2393 1014 2426 autem
1040 2394 1222 2430 certamen,
1247 2391 1337 2434 quod
1368 2391 1410 2424 de
1439 2389 1564 2432 praeda
1597 2388 1682 2421 inter
1705 2389 1769 2421 Ae-

663 2475 682 2507 ¹)
702 2473 742 2502 Cf.
757 2473 886 2514 Apollod.
908 2473 971 2500 bibl.
992 2472 1000 2499 l
1021 2473 1071 2500 86:
1107 2471 1257 2507 Μελέαγρς
1275 2469 1306 2499 δὲ
1325 2491 1331 2498 .
1352 2491 1358 2498 .
1378 2491 1384 2497 .
1407 2467 1563 2504 ἀπέκτεινε,
1592 2471 1640 2496 καὶ
1669 2467 1770 2504 λαβὼν

588 2510 622 2538 τὸ
644 2510 730 2545 δέρας
749 2509 858 2538 ἔδωκεν
870 2507 1036 2544 Ἀταλὰντῃ.
