2303 3141
1170 509 1345 539 -33-

829 595 882 625 καὶ
909 592 1057 637 βήσσας
1081 593 1189 637 ὀρέων
1213 597 1529 639 δυσπαιπάλους,
1549 624 1554 630 .
1574 624 1606 630 ..

737 643 840 678 Porro
864 645 1001 680 offendo
1027 647 1058 680 in
1086 647 1125 681 iis
1150 648 1240 685 locis,
1267 648 1322 691 qui
1348 650 1502 692 epithetis
1533 653 1567 684 ut
1600 651 1643 684 ita
1669 651 1777 686 dicam
1810 663 1844 686 a·

667 697 836 736 bundam:
877 700 972 734 cuius
1008 700 1054 734 rei
1090 704 1283 745 exemplum
1322 704 1626 739 luculentissimum
1664 708 1772 740 exstat
1809 706 1841 740 in

666 760 768 786 carm.
794 753 824 786 X
849 757 889 787 37
915 763 1002 798 sqq.:

880 811 941 842 νῦν
965 807 1148 853 &fidorum-g
1172 810 1335 855 ἀγροτέρα

877 862 1130 905 χρυσαλάκατος
1154 863 1300 907 λιπαρὰν

879 914 980 959 ἡμέρα
1005 918 1206 959 τοξόκλυτος
1231 921 1328 952 νίκαν
1352 920 1465 954 ἔδωκε.

729 976 811 1011 Sine
836 978 938 1012 dubio
963 989 1051 1016 eum.
1084 980 1139 1023 qui
1164 983 1265 1015 talem
1300 984 1410 1016 locum
1444 982 1533 1027 legit,
1566 984 1704 1017 satietas
1738 988 1838 1027 atque

662 1030 809 1065 taedium
835 1032 930 1075 capit.
957 1033 1069 1067 Alium
1095 1037 1207 1068 autem
1235 1037 1344 1070 locum
1366 1036 1472 1071 affero
1489 1047 1508 1071 e
1524 1047 1626 1071 carm.
1647 1038 1674 1071 V
1692 1042 1734 1073 90
1752 1048 1834 1082 sqq.:

874 1090 927 1121 καὶ
954 1087 1015 1132 γὰρ
1041 1088 1082 1123 ἂν
1105 1092 1295 1132 πλάξιππος
1315 1090 1433 1132 Οἰνεὺς

872 1145 1001 1177 παῦσεν
1024 1144 1324 1186 καλυκοστεφάνου

873 1200 993 1239 σεμνᾶς
1016 1196 1120 1241 χόλον
1144 1196 1328 1242 Ἀρτέμιδος
1354 1202 1572 1234 λευκωλένου.

725 1249 834 1291 Atque
858 1249 884 1282 si
911 1253 1008 1292 poeta
1032 1251 1176 1293 epitheta
1195 1253 1258 1286 hoc
1277 1254 1378 1287 modo
1397 1256 1595 1291 accumulat.
1623 1265 1690 1289 non
1710 1255 1831 1289 mirum

657 1302 716 1339 est,
743 1304 777 1335 ut
802 1303 946 1345 epitheta
972 1314 1039 1338 non
1067 1315 1139 1339 rare
1159 1315 1262 1340 sensu
1281 1309 1409 1341 vacent.
1458 1307 1558 1351 Quod
1578 1308 1610 1342 in
1630 1309 1832 1352 Bacchylide

656 1356 834 1399 praecipue
858 1357 980 1392 talibus
1004 1359 1143 1393 vocibus
1161 1360 1279 1394 accidit
1295 1361 1414 1404 quales
1430 1365 1508 1395 sunt
1531 1362 1673 1406 κλεινός,
1699 1363 1830 1406 κλυτός,

655 1412 803 1454 λιπαρός,
844 1414 978 1453 §av-9023,
1022 1413 1155 1457 σεμνός.
1228 1414 1338 1457 [nepte
1377 1415 1468 1449 enim
1508 1415 1612 1460 αἰθὴρ
1653 1417 1685 1450 in
1726 1426 1829 1451 carm.

654 1464 727 1498 XVI
753 1468 793 1498 72
820 1468 958 1499 vocatur
981 1469 1118 1507 κλυτόςς
1151 1470 1250 1512 atque
1275 1478 1374 1512 porro
1399 1469 1514 1504 animo
1540 1479 1607 1504 non
1635 1470 1729 1504 hilari
1754 1471 1830 1505 feri·

654 1528 731 1552 mus
756 1520 848 1553 locos
874 1520 974 1554 huius
999 1521 1106 1554 modi:

760 1573 789 1606 V
806 1576 847 1606 92
872 1574 1024 1609 Παλλάδι
1049 1579 1160 1622 ξανθᾷ

759 1626 787 1659 V
810 1630 869 1662 169
893 1627 956 1662 τάν
979 1642 1038 1663 κεν
1061 1629 1207 1673 λιπαρὰν
1231 1632 1361 1665 ἐθέλων
1385 1635 1506 1675 θείμαν
1530 1631 1662 1667 ἄκοιτιν

757 1681 787 1714 Χ
805 1685 846 1715 79
863 1691 933 1725 sqq.
953 1709 959 1716 .
979 1710 985 1716 .
1005 1683 1068 1717 .“ι“υ“
1093 1682 1244 1719 ἀντίθεοι

811 1744 908 1770 ναῖον
931 1736 1056 1771 κλυτόν
1080 1737 1270 1779 ἱππόβοτοιψ*

720 1783 723 1786 ’
752 1787 865 1832 Ἄργος
890 1787 996 1834 ἥρωες
1018 1795 1221 1835 περικλειτοὶ
1246 1793 1409 1833 λιπόντες.

714 1841 788 1875 XVI
812 1846 870 1877 109
887 1853 973 1887 sqq:

754 1895 842 1931 εἶδέν
865 1911 899 1931 τε
922 1897 1051 1942 πατρὸς
1075 1898 1201 1944 ἄλοχον
1225 1903 1329 1942 φίλαν

753 1949 877 1994 σεμνὰν
900 1955 1034 1992 βοῶπιν
1053 1954 1180 1997 ἐρατοῖ-

860 2016 913 2039 σιι·
938 2005 1152 2050 Ἀμφιτρίταν
1176 2010 1299 2052 δόμοις.

713 2057 737 2091 Ε
762 2058 843 2093 iocis
860 2059 970 2094 allatis
986 2062 1228 2105 cognoscimus
1247 2063 1495 2106 Bacchylidem,
1521 2075 1728 2109 quamquam
1749 2070 1818 2110 pul-

643 2112 810 2146 cherrima
834 2113 980 2156 epitheta
1011 2115 1120 2149 effecit
1151 2118 1251 2160 atque
1283 2118 1382 2151 etiam
1416 2121 1613 2163 plerumque
1645 2122 1819 2164 eleganter

643 2167 674 2198 et
699 2165 838 2200 delicate
863 2167 1023 2205 adhibuit.
1049 2171 1162 2204 tamen
1180 2171 1382 2214 quibusdam
1403 2172 1485 2207 locis
1501 2173 1598 2217 quasi
1624 2174 1656 2208 in
1676 2176 1816 2209 modum

642 2220 784 2262 operarii
818 2221 930 2264 inepta
955 2222 1084 2258 ratione
1108 2233 1208 2259 usum
1234 2235 1320 2260 esse.
1369 2225 1447 2270 Qua
1479 2228 1520 2261 de
1552 2237 1655 2263 causa
1688 2229 1715 2263 is
1748 2239 1815 2264 non

641 2273 727 2308 falso
760 2274 926 2314 iudicabit.
960 2277 1015 2320 qui
1049 2279 1090 2312 de
1115 2278 1339 2322 Bacchylideo
1371 2281 1594 2324 epithetorum
1627 2292 1691 2317 usu
1723 2283 1812 2318 idem

640 2331 764 2367 censet.
799 2331 888 2373 quod
922 2331 1118 2366 Aristoteles
1152 2334 1193 2367 de
1227 2334 1462 2370 Alcidamante
1495 2336 1625 2380 dixit¹):
1678 2337 1720 2373 ού
1752 2337 1814 2383 γὰρ

640 2381 800 2427 ἡδύσματι
824 2388 942 2429 χρῆται
967 2383 1039 2420 ἀλλ’
1065 2385 1112 2427 ὡς
1135 2388 1288 2432 ἐδέσμὰτι
1312 2398 1384 2430 τοῖς
1407 2391 1591 2431 ἐπιθέτοις.

639 2438 882 2480 Wln
903 2449 1026 2475 ³1⁴06a
1049 2451 1087 2476 ιε.
