<?xml version="1.0" encoding="UTF-8"?>
<!DOCTYPE html PUBLIC "-//W3C//DTD XHTML 1.0 Transitional//EN"
    "http://www.w3.org/TR/xhtml1/DTD/xhtml1-transitional.dtd">
<html xmlns="http://www.w3.org/1999/xhtml" xml:lang="en" lang="en">
 <head>
  <title>
</title>
<meta http-equiv="Content-Type" content="text/html;charset=utf-8" />
  <meta name='ocr-system' content='tesseract 3.04.00' />
  <meta name='ocr-capabilities' content='ocr_page ocr_carea ocr_par ocr_line ocrx_word'/>
</head>
<body>
  <div class='ocr_page' id='page_1' title='image "./debacchylidehome00bussuoft_0099.png"; bbox 0 0 2226 3133; ppageno 0'>
   <div class='ocr_carea' id='block_1_1' title="bbox 1022 585 1197 615">
    <p class='ocr_par' dir='ltr' id='par_1_1' title="bbox 1022 585 1197 615">
     <span class='ocr_line' id='line_1_1' title="bbox 1022 585 1197 615; baseline 0 -9"><span class='ocrx_word' id='word_1_1' title='bbox 1022 585 1197 615; x_wconf 73' lang='lat'><strong>-48—</strong></span> 
     </span>
    </p>
   </div>
   <div class='ocr_carea' id='block_1_2' title="bbox 521 679 1695 832">
    <p class='ocr_par' dir='ltr' id='par_1_2' title="bbox 521 679 1695 832">
     <span class='ocr_line' id='line_1_2' title="bbox 589 679 1695 724; baseline -0.002 -10"><span class='ocrx_word' id='word_1_2' title='bbox 589 680 679 724; x_wconf 89' lang='lat' dir='ltr'>Quin</span> <span class='ocrx_word' id='word_1_3' title='bbox 705 681 805 715; x_wconf 85' lang='lat' dir='ltr'>etiam</span> <span class='ocrx_word' id='word_1_4' title='bbox 831 682 918 714; x_wconf 87' lang='lat' dir='ltr'>totas</span> <span class='ocrx_word' id='word_1_5' title='bbox 942 680 1115 718; x_wconf 81' lang='lat' dir='ltr'>formulas,</span> <span class='ocrx_word' id='word_1_6' title='bbox 1141 689 1228 724; x_wconf 86' lang='lat' dir='ltr'>quae</span> <span class='ocrx_word' id='word_1_7' title='bbox 1252 679 1358 714; x_wconf 91' lang='lat' dir='ltr'>solius</span> <span class='ocrx_word' id='word_1_8' title='bbox 1376 679 1514 713; x_wconf 82' lang='lat' dir='ltr'>Homeri</span> <span class='ocrx_word' id='word_1_9' title='bbox 1540 680 1591 713; x_wconf 91' lang='lat' dir='ltr'>vel</span> <span class='ocrx_word' id='word_1_10' title='bbox 1618 689 1695 722; x_wconf 81' lang='lat' dir='ltr'>poe-</span> 
     </span>
     <span class='ocr_line' id='line_1_3' title="bbox 521 733 1695 778; baseline -0.002 -10"><span class='ocrx_word' id='word_1_11' title='bbox 521 736 629 768; x_wconf 86' lang='lat' dir='ltr'>tarum</span> <span class='ocrx_word' id='word_1_12' title='bbox 656 735 827 777; x_wconf 82' lang='lat' dir='ltr'>epicorum</span> <span class='ocrx_word' id='word_1_13' title='bbox 854 734 1003 768; x_wconf 85' lang='lat' dir='ltr'>maxime</span> <span class='ocrx_word' id='word_1_14' title='bbox 1027 734 1180 776; x_wconf 84' lang='lat' dir='ltr'>propriae</span> <span class='ocrx_word' id='word_1_15' title='bbox 1205 734 1466 778; x_wconf 80' lang='lat' dir='ltr'>singularesque</span> <span class='ocrx_word' id='word_1_16' title='bbox 1491 735 1580 770; x_wconf 81' lang='lat' dir='ltr'>sunt,</span> <span class='ocrx_word' id='word_1_17' title='bbox 1615 733 1695 767; x_wconf 75' lang='lat' dir='ltr'>Bac-</span> 
     </span>
     <span class='ocr_line' id='line_1_4' title="bbox 521 787 1693 832; baseline -0.001 -11"><span class='ocrx_word' id='word_1_18' title='bbox 521 788 672 832; x_wconf 83' lang='lat' dir='ltr'>chylides</span> <span class='ocrx_word' id='word_1_19' title='bbox 703 788 774 823; x_wconf 87' lang='lat' dir='ltr'>suis</span> <span class='ocrx_word' id='word_1_20' title='bbox 805 788 1011 822; x_wconf 83' lang='lat' dir='ltr'>carminibus</span> <span class='ocrx_word' id='word_1_21' title='bbox 1045 787 1192 822; x_wconf 88' lang='lat' dir='ltr'>inseruit.</span> <span class='ocrx_word' id='word_1_22' title='bbox 1248 787 1353 822; x_wconf 91' lang='lat' dir='ltr'>Cuius</span> <span class='ocrx_word' id='word_1_23' title='bbox 1385 787 1521 831; x_wconf 87' lang='lat' dir='ltr'>generis</span> <span class='ocrx_word' id='word_1_24' title='bbox 1553 787 1693 820; x_wconf 78' lang='lat' dir='ltr'>afferam</span> 
     </span>
    </p>
   </div>
   <div class='ocr_carea' id='block_1_3' title="bbox 522 843 620 876">
    <p class='ocr_par' dir='ltr' id='par_1_3' title="bbox 522 843 620 876">
     <span class='ocr_line' id='line_1_5' title="bbox 522 843 620 876; baseline 0.01 -1"><span class='ocrx_word' id='word_1_25' title='bbox 522 843 620 876; x_wconf 85' lang='lat' dir='ltr'>haec:</span> 
     </span>
    </p>
   </div>
   <div class='ocr_carea' id='block_1_4' title="bbox 627 913 1625 1285">
    <p class='ocr_par' dir='ltr' id='par_1_4' title="bbox 627 913 1625 1285">
     <span class='ocr_line' id='line_1_6' title="bbox 628 913 1227 959; baseline 0.003 -13"><span class='ocrx_word' id='word_1_26' title='bbox 628 914 655 946; x_wconf 92' lang='lat' dir='ltr'>V</span> <span class='ocrx_word' id='word_1_27' title='bbox 681 917 722 949; x_wconf 83' lang='lat'>76</span> <span class='ocrx_word' id='word_1_28' title='bbox 748 942 921 949; x_wconf 91' lang='grc'><em>......</em></span> <span class='ocrx_word' id='word_1_29' title='bbox 947 919 1001 959; x_wconf 77' lang='grc' dir='ltr'>τῷ</span> <span class='ocrx_word' id='word_1_30' title='bbox 1025 913 1227 949; x_wconf 66' lang='grc' dir='ltr'>δ’ἐναντίά</span> 
     </span>
     <span class='ocr_line' id='line_1_7' title="bbox 734 968 1250 1014; baseline 0 -11"><span class='ocrx_word' id='word_1_31' title='bbox 734 968 822 1014; x_wconf 80' lang='grc' dir='ltr'><em>ψυχὰ</em></span> <span class='ocrx_word' id='word_1_32' title='bbox 846 968 1032 1014; x_wconf 77' lang='grc' dir='ltr'><em>προφάνη</em></span> <span class='ocrx_word' id='word_1_33' title='bbox 1057 970 1250 1013; x_wconf 70' lang='grc' dir='ltr'>,Μελεάγρου</span> 
     </span>
     <span class='ocr_line' id='line_1_8' title="bbox 732 1019 1310 1067; baseline 0.002 -10"><span class='ocrx_word' id='word_1_34' title='bbox 732 1026 788 1058; x_wconf 83' lang='grc' dir='ltr'>καί</span> <span class='ocrx_word' id='word_1_35' title='bbox 812 1038 875 1058; x_wconf 72' lang='grc' dir='ltr'>νιν</span> <span class='ocrx_word' id='word_1_36' title='bbox 898 1019 933 1058; x_wconf 76' lang='grc' dir='ltr'>εὖ</span> <span class='ocrx_word' id='word_1_37' title='bbox 959 1022 1057 1063; x_wconf 76' lang='grc' dir='ltr'><strong><em>εἰδώς</em></strong></span> <span class='ocrx_word' id='word_1_38' title='bbox 1079 1032 1310 1067; x_wconf 71' lang='grc' dir='ltr'><em>προσεῖπεν·</em></span> 
     </span>
     <span class='ocr_line' id='line_1_9' title="bbox 733 1076 1331 1122; baseline 0 -11"><span class='ocrx_word' id='word_1_39' title='bbox 733 1079 812 1122; x_wconf 54' lang='lat' dir='ltr'>„rib</span> <span class='ocrx_word' id='word_1_40' title='bbox 836 1076 925 1117; x_wconf 69' lang='grc' dir='ltr'>Διὸς</span> <span class='ocrx_word' id='word_1_41' title='bbox 947 1079 1090 1122; x_wconf 76' lang='grc' dir='ltr'>μεγάλοι·</span> <span class='ocrx_word' id='word_1_42' title='bbox 1115 1105 1121 1111; x_wconf 84' lang='grc'><em>.</em></span> <span class='ocrx_word' id='word_1_43' title='bbox 1148 1105 1154 1111; x_wconf 92' lang='grc'><em>.</em></span> <span class='ocrx_word' id='word_1_44' title='bbox 1181 1087 1208 1112; x_wconf 85' lang='lat' dir='ltr'>e.</span> <span class='ocrx_word' id='word_1_45' title='bbox 1234 1087 1264 1121; x_wconf 89' lang='lat' dir='ltr'>q.</span> <span class='ocrx_word' id='word_1_46' title='bbox 1290 1087 1331 1111; x_wconf 81' lang='lat' dir='ltr'>S.:</span> 
     </span>
     <span class='ocr_line' id='line_1_10' title="bbox 627 1128 1408 1177; baseline -0.003 -10"><span class='ocrx_word' id='word_1_47' title='bbox 627 1136 652 1168; x_wconf 90' lang='lat' dir='ltr'><em>O</em></span> <span class='ocrx_word' id='word_1_48' title='bbox 677 1136 719 1166; x_wconf 90' lang='grc'>88</span> <span class='ocrx_word' id='word_1_49' title='bbox 743 1132 861 1177; x_wconf 75' lang='grc' dir='ltr'><em>πρώτη</em></span> <span class='ocrx_word' id='word_1_50' title='bbox 886 1131 946 1176; x_wconf 74' lang='grc' dir='ltr'>γὰρ</span> <span class='ocrx_word' id='word_1_51' title='bbox 971 1134 1132 1177; x_wconf 74' lang='grc' dir='ltr'><em>ἐναντίη</em></span> <span class='ocrx_word' id='word_1_52' title='bbox 1157 1128 1253 1177; x_wconf 68' lang='grc' dir='ltr'>ἦλθε</span> <span class='ocrx_word' id='word_1_53' title='bbox 1282 1134 1408 1166; x_wconf 67' lang='grc' dir='ltr'><em>θέουσα</em></span> 
     </span>
     <span class='ocr_line' id='line_1_11' title="bbox 731 1187 1625 1231; baseline -0.001 -10"><span class='ocrx_word' id='word_1_54' title='bbox 731 1190 787 1221; x_wconf 78' lang='grc' dir='ltr'>καί</span> <span class='ocrx_word' id='word_1_55' title='bbox 809 1202 876 1230; x_wconf 81' lang='grc' dir='ltr'>μιν</span> <span class='ocrx_word' id='word_1_56' title='bbox 900 1187 1070 1231; x_wconf 65' lang='grc' dir='ltr'><em>φωνήσαό</em></span> <span class='ocrx_word' id='word_1_57' title='bbox 1097 1188 1176 1221; x_wconf 72' lang='grc' dir='ltr'>ἔπεα</span> <span class='ocrx_word' id='word_1_58' title='bbox 1199 1188 1381 1230; x_wconf 68' lang='grc' dir='ltr'><em>πτερόεντα</em></span> <span class='ocrx_word' id='word_1_59' title='bbox 1405 1187 1625 1230; x_wconf 71' lang='grc' dir='ltr'><em>προσηύδα·</em></span> 
     </span>
     <span class='ocr_line' id='line_1_12' title="bbox 725 1238 1236 1285; baseline 0 -11"><span class='ocrx_word' id='word_1_60' title='bbox 725 1238 832 1285; x_wconf 51' lang='lat' dir='ltr'>“Hom</span> <span class='ocrx_word' id='word_1_61' title='bbox 857 1243 951 1275; x_wconf 77' lang='grc' dir='ltr'><em>τίπτε</em></span> <span class='ocrx_word' id='word_1_62' title='bbox 976 1243 1139 1285; x_wconf 52' lang='grc' dir='ltr'>βέβηκας</span> <span class='ocrx_word' id='word_1_63' title='bbox 1163 1266 1170 1272; x_wconf 93' lang='grc'><strong>.</strong></span> <span class='ocrx_word' id='word_1_64' title='bbox 1197 1268 1203 1274; x_wconf 88' lang='grc'><em>.</em></span> <span class='ocrx_word' id='word_1_65' title='bbox 1230 1267 1236 1274; x_wconf 89' lang='grc'><strong>.</strong></span> 
     </span>
    </p>
   </div>
   <div class='ocr_carea' id='block_1_5' title="bbox 622 1293 1688 1448">
    <p class='ocr_par' dir='ltr' id='par_1_5' title="bbox 622 1293 1688 1448">
     <span class='ocr_line' id='line_1_13' title="bbox 624 1293 1421 1339; baseline 0.003 -13"><span class='ocrx_word' id='word_1_66' title='bbox 624 1293 652 1326; x_wconf 93' lang='lat' dir='ltr'>V</span> <span class='ocrx_word' id='word_1_67' title='bbox 676 1298 718 1328; x_wconf 84' lang='grc'>84</span> <span class='ocrx_word' id='word_1_68' title='bbox 744 1295 947 1339; x_wconf 64' lang='grc' dir='ltr'>θάμβησέν</span> <span class='ocrx_word' id='word_1_69' title='bbox 971 1295 1099 1337; x_wconf 73' lang='grc' dir='ltr'>δ’(ἴναξ</span> <span class='ocrx_word' id='word_1_70' title='bbox 1123 1294 1233 1329; x_wconf 73' lang='grc' dir='ltr'><em>εἶπέν</em></span> <span class='ocrx_word' id='word_1_71' title='bbox 1256 1303 1324 1329; x_wconf 80' lang='grc' dir='ltr'><strong><em>τε”.·</em></strong></span> <span class='ocrx_word' id='word_1_72' title='bbox 1348 1322 1354 1328; x_wconf 91' lang='grc'>.</span> <span class='ocrx_word' id='word_1_73' title='bbox 1382 1322 1388 1328; x_wconf 92' lang='grc'><strong>.</strong></span> <span class='ocrx_word' id='word_1_74' title='bbox 1415 1322 1421 1328; x_wconf 98' lang='grc'><em>.</em></span> 
     </span>
     <span class='ocr_line' id='line_1_14' title="bbox 729 1349 1688 1393; baseline 0 -10"><span class='ocrx_word' id='word_1_75' title='bbox 729 1353 760 1383; x_wconf 82' lang='grc' dir='ltr'><em>Γ</em></span> <span class='ocrx_word' id='word_1_76' title='bbox 780 1352 844 1383; x_wconf 80' lang='lat'>398</span> <span class='ocrx_word' id='word_1_77' title='bbox 870 1349 1074 1393; x_wconf 66' lang='grc' dir='ltr'>θάμβησέν</span> <span class='ocrx_word' id='word_1_78' title='bbox 1097 1349 1182 1392; x_wconf 71' lang='grc' dir='ltr'><em>τ’ἄρ’</em></span> <span class='ocrx_word' id='word_1_79' title='bbox 1208 1350 1336 1393; x_wconf 64' lang='grc' dir='ltr'><em>ἔπειτα,</em></span> <span class='ocrx_word' id='word_1_80' title='bbox 1362 1350 1441 1389; x_wconf 76' lang='grc' dir='ltr'>ἔπος</span> <span class='ocrx_word' id='word_1_81' title='bbox 1465 1349 1595 1391; x_wconf 69' lang='grc' dir='ltr'>τ’ἔφατ’</span> <span class='ocrx_word' id='word_1_82' title='bbox 1616 1376 1621 1382; x_wconf 96' lang='grc'><em>.</em></span> <span class='ocrx_word' id='word_1_83' title='bbox 1648 1377 1654 1383; x_wconf 92' lang='grc'>.</span> <span class='ocrx_word' id='word_1_84' title='bbox 1682 1377 1688 1383; x_wconf 96' lang='grc'><em>.</em></span> 
     </span>
     <span class='ocr_line' id='line_1_15' title="bbox 622 1402 1668 1448; baseline 0.001 -12"><span class='ocrx_word' id='word_1_85' title='bbox 622 1403 650 1436; x_wconf 88' lang='lat' dir='ltr'>V</span> <span class='ocrx_word' id='word_1_86' title='bbox 675 1406 718 1437; x_wconf 78' lang='lat'>86</span> <span class='ocrx_word' id='word_1_87' title='bbox 741 1406 801 1443; x_wconf 80' lang='grc' dir='ltr'>τίς</span> <span class='ocrx_word' id='word_1_88' title='bbox 825 1402 1038 1437; x_wconf 61' lang='grc' dir='ltr'>ἀθανάτων</span> <span class='ocrx_word' id='word_1_89' title='bbox 1063 1402 1083 1447; x_wconf 75' lang='lat'>1&#39;)</span> <span class='ocrx_word' id='word_1_90' title='bbox 1107 1407 1264 1447; x_wconf 72' lang='grc' dir='ltr'><em>βροτῶν</em></span> <span class='ocrx_word' id='word_1_91' title='bbox 1289 1431 1295 1436; x_wconf 94' lang='grc'><em>.</em></span> <span class='ocrx_word' id='word_1_92' title='bbox 1323 1431 1328 1436; x_wconf 97' lang='grc'>.</span> <span class='ocrx_word' id='word_1_93' title='bbox 1357 1431 1362 1436; x_wconf 98' lang='grc'>.</span> <span class='ocrx_word' id='word_1_94' title='bbox 1389 1405 1425 1437; x_wconf 72' lang='grc' dir='ltr'>ἐν</span> <span class='ocrx_word' id='word_1_95' title='bbox 1447 1406 1541 1448; x_wconf 76' lang='grc' dir='ltr'><em>ποίᾳ</em></span> <span class='ocrx_word' id='word_1_96' title='bbox 1567 1406 1668 1447; x_wconf 67' lang='grc' dir='ltr'><em>χθονί</em></span> 
     </span>
    </p>
   </div>
   <div class='ocr_carea' id='block_1_6' title="bbox 620 1457 1687 1663">
    <p class='ocr_par' dir='ltr' id='par_1_6' title="bbox 620 1457 1687 1608">
     <span class='ocr_line' id='line_1_16' title="bbox 621 1457 1619 1500; baseline 0.001 -10"><span class='ocrx_word' id='word_1_97' title='bbox 621 1459 671 1490; x_wconf 85' lang='lat' dir='ltr'>Vel</span> <span class='ocrx_word' id='word_1_98' title='bbox 698 1457 784 1491; x_wconf 74' lang='lat' dir='ltr'>XVII</span> <span class='ocrx_word' id='word_1_99' title='bbox 810 1461 845 1491; x_wconf 86' lang='lat'>31</span> <span class='ocrx_word' id='word_1_100' title='bbox 880 1461 971 1491; x_wconf 76' lang='grc' dir='ltr'><em>Τίνα</em></span> <span class='ocrx_word' id='word_1_101' title='bbox 997 1458 1154 1500; x_wconf 73' lang='grc' dir='ltr'>δ’ἕμμεν</span> <span class='ocrx_word' id='word_1_102' title='bbox 1177 1457 1306 1491; x_wconf 63' lang='grc' dir='ltr'><em>πόθεν</em></span> <span class='ocrx_word' id='word_1_103' title='bbox 1329 1459 1456 1500; x_wconf 67' lang='grc' dir='ltr'><em>ἄνδρα</em></span> <span class='ocrx_word' id='word_1_104' title='bbox 1481 1461 1619 1491; x_wconf 75' lang='grc' dir='ltr'><em>τοῦτονῖ</em></span> 
     </span>
     <span class='ocr_line' id='line_1_17' title="bbox 620 1510 1687 1555; baseline 0 -11"><span class='ocrx_word' id='word_1_105' title='bbox 620 1514 640 1544; x_wconf 77' lang='grc' dir='ltr'><em>ά</em></span> <span class='ocrx_word' id='word_1_106' title='bbox 653 1515 712 1545; x_wconf 82' lang='grc'>170</span> <span class='ocrx_word' id='word_1_107' title='bbox 723 1514 782 1550; x_wconf 80' lang='grc' dir='ltr'>τίς</span> <span class='ocrx_word' id='word_1_108' title='bbox 798 1511 927 1545; x_wconf 65' lang='grc' dir='ltr'><em>πόθεν</em></span> <span class='ocrx_word' id='word_1_109' title='bbox 943 1511 998 1551; x_wconf 70' lang='grc' dir='ltr'>εἷς</span> <span class='ocrx_word' id='word_1_110' title='bbox 1015 1510 1173 1554; x_wconf 71' lang='grc' dir='ltr'><em>ἀνδρῶν</em></span> <span class='ocrx_word' id='word_1_111' title='bbox 1188 1511 1287 1545; x_wconf 69' lang='grc' dir='ltr'>πόθι</span> <span class='ocrx_word' id='word_1_112' title='bbox 1303 1525 1356 1545; x_wconf 78' lang='grc' dir='ltr'>τοι</span> <span class='ocrx_word' id='word_1_113' title='bbox 1373 1511 1471 1550; x_wconf 74' lang='grc' dir='ltr'><em>,πόλις</em></span> <span class='ocrx_word' id='word_1_114' title='bbox 1485 1510 1540 1555; x_wconf 74' lang='grc' dir='ltr'>ἠδὲ</span> <span class='ocrx_word' id='word_1_115' title='bbox 1558 1515 1687 1555; x_wconf 76' lang='grc' dir='ltr'><em>τοκῆες.</em></span> 
     </span>
     <span class='ocr_line' id='line_1_18' title="bbox 622 1564 1406 1608; baseline 0 -10"><span class='ocrx_word' id='word_1_116' title='bbox 622 1565 650 1597; x_wconf 92' lang='lat' dir='ltr'>V</span> <span class='ocrx_word' id='word_1_117' title='bbox 679 1568 738 1599; x_wconf 82' lang='lat'>159</span> <span class='ocrx_word' id='word_1_118' title='bbox 762 1568 819 1598; x_wconf 79' lang='grc' dir='ltr'>καί</span> <span class='ocrx_word' id='word_1_119' title='bbox 844 1579 897 1599; x_wconf 73' lang='grc' dir='ltr'>νιν</span> <span class='ocrx_word' id='word_1_120' title='bbox 922 1564 1181 1608; x_wconf 68' lang='grc' dir='ltr'>ἀμειβόμενος</span> <span class='ocrx_word' id='word_1_121' title='bbox 1204 1565 1289 1598; x_wconf 73' lang='grc' dir='ltr'>τάδ’</span> <span class='ocrx_word' id='word_1_122' title='bbox 1316 1566 1406 1607; x_wconf 63' lang='grc' dir='ltr'>ἕψω·</span> 
     </span>
    </p>

    <p class='ocr_par' dir='ltr' id='par_1_7' title="bbox 727 1618 1556 1663">
     <span class='ocr_line' id='line_1_19' title="bbox 727 1618 1556 1663; baseline -0.004 -10"><span class='ocrx_word' id='word_1_123' title='bbox 727 1621 747 1653; x_wconf 76' lang='lat'>(5</span> <span class='ocrx_word' id='word_1_124' title='bbox 771 1623 834 1653; x_wconf 83' lang='lat'>375</span> <span class='ocrx_word' id='word_1_125' title='bbox 861 1647 867 1653; x_wconf 88' lang='lat'>.</span> <span class='ocrx_word' id='word_1_126' title='bbox 895 1646 901 1652; x_wconf 94' lang='lat'>.</span> <span class='ocrx_word' id='word_1_127' title='bbox 928 1647 934 1653; x_wconf 88' lang='lat'>.</span> <span class='ocrx_word' id='word_1_128' title='bbox 959 1634 1025 1663; x_wconf 79' lang='grc' dir='ltr'>μιν</span> <span class='ocrx_word' id='word_1_129' title='bbox 1050 1618 1311 1662; x_wconf 65' lang='grc' dir='ltr'>ἀμειβόμενος</span> <span class='ocrx_word' id='word_1_130' title='bbox 1335 1621 1556 1662; x_wconf 52' lang='grc' dir='ltr'>προσέιςιπε.</span> 
     </span>
    </p>
   </div>
   <div class='ocr_carea' id='block_1_7' title="bbox 505 1695 1687 2560">
    <p class='ocr_par' dir='ltr' id='par_1_8' title="bbox 510 1695 1687 2052">
     <span class='ocr_line' id='line_1_20' title="bbox 580 1695 1687 1738; baseline -0.001 -10"><span class='ocrx_word' id='word_1_131' title='bbox 580 1695 641 1729; x_wconf 91' lang='lat' dir='ltr'>His</span> <span class='ocrx_word' id='word_1_132' title='bbox 665 1695 832 1730; x_wconf 86' lang='lat' dir='ltr'>indicibus</span> <span class='ocrx_word' id='word_1_133' title='bbox 857 1695 965 1729; x_wconf 83' lang='lat' dir='ltr'>allatis</span> <span class='ocrx_word' id='word_1_134' title='bbox 991 1695 1071 1729; x_wconf 83' lang='lat' dir='ltr'>mihi</span> <span class='ocrx_word' id='word_1_135' title='bbox 1098 1696 1351 1729; x_wconf 81' lang='lat' dir='ltr'>demonstrasse</span> <span class='ocrx_word' id='word_1_136' title='bbox 1375 1695 1492 1729; x_wconf 91' lang='lat' dir='ltr'>videor</span> <span class='ocrx_word' id='word_1_137' title='bbox 1516 1695 1687 1738; x_wconf 82' lang='lat' dir='ltr'>Bacchyli-</span> 
     </span>
     <span class='ocr_line' id='line_1_21' title="bbox 511 1749 1686 1792; baseline -0.001 -9"><span class='ocrx_word' id='word_1_138' title='bbox 511 1750 588 1783; x_wconf 89' lang='lat' dir='ltr'>dem</span> <span class='ocrx_word' id='word_1_139' title='bbox 614 1749 814 1792; x_wconf 85' lang='lat' dir='ltr'>saepissime</span> <span class='ocrx_word' id='word_1_140' title='bbox 840 1749 978 1784; x_wconf 83' lang='lat' dir='ltr'>Homeri</span> <span class='ocrx_word' id='word_1_141' title='bbox 1004 1751 1204 1783; x_wconf 84' lang='lat' dir='ltr'>ornamenta</span> <span class='ocrx_word' id='word_1_142' title='bbox 1229 1749 1390 1783; x_wconf 86' lang='lat' dir='ltr'>orationis</span> <span class='ocrx_word' id='word_1_143' title='bbox 1415 1759 1481 1792; x_wconf 84' lang='lat' dir='ltr'>qua</span> <span class='ocrx_word' id='word_1_144' title='bbox 1507 1749 1611 1791; x_wconf 87' lang='lat' dir='ltr'>potuit</span> <span class='ocrx_word' id='word_1_145' title='bbox 1637 1759 1686 1782; x_wconf 85' lang='lat' dir='ltr'>ra-</span> 
     </span>
     <span class='ocr_line' id='line_1_22' title="bbox 510 1802 1686 1837; baseline -0.001 -1"><span class='ocrx_word' id='word_1_146' title='bbox 510 1802 601 1836; x_wconf 88' lang='lat' dir='ltr'>tione</span> <span class='ocrx_word' id='word_1_147' title='bbox 627 1803 657 1836; x_wconf 92' lang='lat' dir='ltr'>in</span> <span class='ocrx_word' id='word_1_148' title='bbox 685 1812 784 1836; x_wconf 90' lang='lat' dir='ltr'>usum</span> <span class='ocrx_word' id='word_1_149' title='bbox 810 1812 910 1836; x_wconf 88' lang='lat' dir='ltr'>suum</span> <span class='ocrx_word' id='word_1_150' title='bbox 937 1803 1085 1837; x_wconf 84' lang='lat' dir='ltr'>vertisse.</span> <span class='ocrx_word' id='word_1_151' title='bbox 1127 1803 1178 1836; x_wconf 78' lang='lat' dir='ltr'>Ad</span> <span class='ocrx_word' id='word_1_152' title='bbox 1196 1806 1384 1836; x_wconf 85' lang='lat' dir='ltr'>extremum</span> <span class='ocrx_word' id='word_1_153' title='bbox 1411 1804 1522 1836; x_wconf 90' lang='lat' dir='ltr'>autem</span> <span class='ocrx_word' id='word_1_154' title='bbox 1550 1802 1686 1836; x_wconf 85' lang='lat' dir='ltr'>uberius</span> 
     </span>
     <span class='ocr_line' id='line_1_23' title="bbox 511 1856 1685 1900; baseline 0 -10"><span class='ocrx_word' id='word_1_155' title='bbox 511 1858 651 1891; x_wconf 87' lang='lat' dir='ltr'>tractare</span> <span class='ocrx_word' id='word_1_156' title='bbox 676 1856 775 1890; x_wconf 92' lang='lat' dir='ltr'>velim</span> <span class='ocrx_word' id='word_1_157' title='bbox 802 1857 894 1891; x_wconf 86' lang='lat' dir='ltr'>illum</span> <span class='ocrx_word' id='word_1_158' title='bbox 922 1859 1043 1897; x_wconf 89' lang='lat' dir='ltr'>locum,</span> <span class='ocrx_word' id='word_1_159' title='bbox 1070 1857 1136 1899; x_wconf 82' lang='lat' dir='ltr'>(Xll</span> <span class='ocrx_word' id='word_1_160' title='bbox 1167 1860 1227 1891; x_wconf 78' lang='lat' dir='ltr'>llo</span> <span class='ocrx_word' id='word_1_161' title='bbox 1245 1858 1330 1900; x_wconf 90' lang='lat' dir='ltr'>sqq.)</span> <span class='ocrx_word' id='word_1_162' title='bbox 1355 1866 1422 1900; x_wconf 88' lang='lat' dir='ltr'>quo</span> <span class='ocrx_word' id='word_1_163' title='bbox 1448 1859 1545 1899; x_wconf 86' lang='lat' dir='ltr'>poeta</span> <span class='ocrx_word' id='word_1_164' title='bbox 1570 1856 1685 1897; x_wconf 72' lang='lat' dir='ltr'>Troja-</span> 
     </span>
     <span class='ocr_line' id='line_1_24' title="bbox 511 1911 1685 1954; baseline 0 -10"><span class='ocrx_word' id='word_1_165' title='bbox 511 1920 582 1949; x_wconf 85' lang='lat' dir='ltr'>nos.</span> <span class='ocrx_word' id='word_1_166' title='bbox 609 1911 770 1953; x_wconf 89' lang='lat' dir='ltr'>quamdiu</span> <span class='ocrx_word' id='word_1_167' title='bbox 789 1911 935 1945; x_wconf 87' lang='lat' dir='ltr'>Achilles</span> <span class='ocrx_word' id='word_1_168' title='bbox 960 1921 1097 1954; x_wconf 80' lang='lat' dir='ltr'>pugnae</span> <span class='ocrx_word' id='word_1_169' title='bbox 1122 1911 1335 1947; x_wconf 78' lang='lat' dir='ltr'>interfuisset.</span> <span class='ocrx_word' id='word_1_170' title='bbox 1361 1911 1480 1944; x_wconf 87' lang='lat' dir='ltr'>timore</span> <span class='ocrx_word' id='word_1_171' title='bbox 1506 1920 1685 1953; x_wconf 84' lang='lat' dir='ltr'>percussos</span> 
     </span>
     <span class='ocr_line' id='line_1_25' title="bbox 510 1964 1683 2007; baseline 0.001 -10"><span class='ocrx_word' id='word_1_172' title='bbox 510 1964 650 1997; x_wconf 87' lang='lat' dir='ltr'>minime</span> <span class='ocrx_word' id='word_1_173' title='bbox 676 1964 706 1997; x_wconf 85' lang='lat' dir='ltr'>in</span> <span class='ocrx_word' id='word_1_174' title='bbox 734 1966 885 2006; x_wconf 81' lang='lat' dir='ltr'>apertum</span> <span class='ocrx_word' id='word_1_175' title='bbox 913 1975 1070 2007; x_wconf 85' lang='lat' dir='ltr'>campum</span> <span class='ocrx_word' id='word_1_176' title='bbox 1098 1965 1212 1998; x_wconf 85' lang='lat' dir='ltr'>iniisse</span> <span class='ocrx_word' id='word_1_177' title='bbox 1238 1967 1360 1998; x_wconf 80' lang='lat' dir='ltr'>narrat.</span> <span class='ocrx_word' id='word_1_178' title='bbox 1409 1964 1509 2007; x_wconf 87' lang='lat' dir='ltr'>Quod</span> <span class='ocrx_word' id='word_1_179' title='bbox 1536 1965 1683 2007; x_wconf 72' lang='lat' dir='ltr'>Bacchy-</span> 
     </span>
     <span class='ocr_line' id='line_1_26' title="bbox 510 2018 863 2052; baseline 0 -1"><span class='ocrx_word' id='word_1_180' title='bbox 510 2018 594 2052; x_wconf 88' lang='lat' dir='ltr'>lides</span> <span class='ocrx_word' id='word_1_181' title='bbox 618 2018 665 2052; x_wconf 89' lang='lat' dir='ltr'>sic</span> <span class='ocrx_word' id='word_1_182' title='bbox 691 2018 863 2052; x_wconf 80' lang='lat' dir='ltr'>describit:</span> 
     </span>
    </p>

    <p class='ocr_par' dir='ltr' id='par_1_9' title="bbox 616 2071 1521 2223">
     <span class='ocr_line' id='line_1_27' title="bbox 650 2071 1428 2116; baseline 0 -10"><span class='ocrx_word' id='word_1_183' title='bbox 650 2099 656 2106; x_wconf 88' lang='lat'>.</span> <span class='ocrx_word' id='word_1_184' title='bbox 683 2098 689 2105; x_wconf 88' lang='lat'>.</span> <span class='ocrx_word' id='word_1_185' title='bbox 716 2071 911 2115; x_wconf 65' lang='grc' dir='ltr'><em>ἀτυζόμενοι</em></span> <span class='ocrx_word' id='word_1_186' title='bbox 938 2074 972 2106; x_wconf 72' lang='grc' dir='ltr'>δὲ</span> <span class='ocrx_word' id='word_1_187' title='bbox 997 2076 1149 2107; x_wconf 72' lang='grc' dir='ltr'>,ττᾶσσον</span> <span class='ocrx_word' id='word_1_188' title='bbox 1173 2072 1286 2115; x_wconf 64' lang='grc' dir='ltr'><em>ὀξεῖαν</em></span> <span class='ocrx_word' id='word_1_189' title='bbox 1309 2073 1428 2116; x_wconf 75' lang='grc' dir='ltr'>μάχαν,</span> 
     </span>
     <span class='ocr_line' id='line_1_28' title="bbox 722 2122 1521 2170; baseline 0 -11"><span class='ocrx_word' id='word_1_190' title='bbox 722 2122 788 2159; x_wconf 64' lang='grc' dir='ltr'>εἶτ’</span> <span class='ocrx_word' id='word_1_191' title='bbox 814 2127 851 2160; x_wconf 76' lang='grc' dir='ltr'>ἐν</span> <span class='ocrx_word' id='word_1_192' title='bbox 874 2128 980 2169; x_wconf 64' lang='grc' dir='ltr'><em>πεδίῳ</em></span> <span class='ocrx_word' id='word_1_193' title='bbox 1005 2129 1155 2160; x_wconf 57' lang='grc' dir='ltr'><em>κλονέων</em></span> <span class='ocrx_word' id='word_1_194' title='bbox 1179 2127 1323 2170; x_wconf 67' lang='grc' dir='ltr'>μαίνοιτ’</span> <span class='ocrx_word' id='word_1_195' title='bbox 1349 2126 1521 2170; x_wconf 57' lang='grc' dir='ltr'>Ἀχιλλειῗς,</span> 
     </span>
     <span class='ocr_line' id='line_1_29' title="bbox 616 2179 1032 2223; baseline 0 -10"><span class='ocrx_word' id='word_1_196' title='bbox 616 2179 791 2222; x_wconf 77' lang='grc' dir='ltr'><em>λαοφόνον</em></span> <span class='ocrx_word' id='word_1_197' title='bbox 815 2179 898 2223; x_wconf 65' lang='grc' dir='ltr'>δόρυ</span> <span class='ocrx_word' id='word_1_198' title='bbox 923 2183 1032 2213; x_wconf 77' lang='grc' dir='ltr'><em>σείων·</em></span> 
     </span>
    </p>

    <p class='ocr_par' dir='ltr' id='par_1_10' title="bbox 505 2247 1682 2560">
     <span class='ocr_line' id='line_1_30' title="bbox 575 2247 1682 2290; baseline 0.001 -9"><span class='ocrx_word' id='word_1_199' title='bbox 575 2248 684 2290; x_wconf 76' lang='lat' dir='ltr'>Atque</span> <span class='ocrx_word' id='word_1_200' title='bbox 715 2248 750 2281; x_wconf 91' lang='lat' dir='ltr'>ut</span> <span class='ocrx_word' id='word_1_201' title='bbox 783 2247 847 2281; x_wconf 85' lang='lat' dir='ltr'>iam</span> <span class='ocrx_word' id='word_1_202' title='bbox 881 2256 982 2289; x_wconf 83' lang='lat' dir='ltr'>supra</span> <span class='ocrx_word' id='word_1_203' title='bbox 1015 2257 1043 2289; x_wconf 84' lang='lat' dir='ltr'>p.</span> <span class='ocrx_word' id='word_1_204' title='bbox 1069 2250 1110 2280; x_wconf 85' lang='grc'>34</span> <span class='ocrx_word' id='word_1_205' title='bbox 1142 2256 1212 2290; x_wconf 87' lang='lat' dir='ltr'>sqq.</span> <span class='ocrx_word' id='word_1_206' title='bbox 1246 2247 1400 2282; x_wconf 82' lang='lat' dir='ltr'>disserui.</span> <span class='ocrx_word' id='word_1_207' title='bbox 1435 2249 1503 2281; x_wconf 75' lang='lat' dir='ltr'>tota</span> <span class='ocrx_word' id='word_1_208' title='bbox 1535 2248 1682 2282; x_wconf 85' lang='lat' dir='ltr'>narratio</span> 
     </span>
     <span class='ocr_line' id='line_1_31' title="bbox 507 2301 1681 2345; baseline 0.001 -10"><span class='ocrx_word' id='word_1_209' title='bbox 507 2302 679 2344; x_wconf 88' lang='lat' dir='ltr'>quomodo</span> <span class='ocrx_word' id='word_1_210' title='bbox 712 2311 828 2345; x_wconf 84' lang='lat' dir='ltr'>pugna</span> <span class='ocrx_word' id='word_1_211' title='bbox 860 2302 947 2344; x_wconf 82' lang='lat' dir='ltr'>apud</span> <span class='ocrx_word' id='word_1_212' title='bbox 974 2301 1180 2336; x_wconf 82' lang='lat' dir='ltr'>Graecorum</span> <span class='ocrx_word' id='word_1_213' title='bbox 1216 2310 1320 2335; x_wconf 79' lang='lat' dir='ltr'>naves</span> <span class='ocrx_word' id='word_1_214' title='bbox 1351 2302 1617 2336; x_wconf 80' lang='lat' dir='ltr'>committeretur</span> <span class='ocrx_word' id='word_1_215' title='bbox 1640 2312 1681 2336; x_wconf 77' lang='lat' dir='ltr'>ex</span> 
     </span>
     <span class='ocr_line' id='line_1_32' title="bbox 507 2355 1682 2398; baseline 0.001 -9"><span class='ocrx_word' id='word_1_216' title='bbox 507 2355 646 2389; x_wconf 78' lang='lat' dir='ltr'>Homeri</span> <span class='ocrx_word' id='word_1_217' title='bbox 682 2356 765 2390; x_wconf 91' lang='lat' dir='ltr'>libro</span> <span class='ocrx_word' id='word_1_218' title='bbox 800 2356 859 2389; x_wconf 86' lang='lat' dir='ltr'>XV</span> <span class='ocrx_word' id='word_1_219' title='bbox 894 2355 999 2389; x_wconf 79' lang='lat' dir='ltr'>fluxit.</span> <span class='ocrx_word' id='word_1_220' title='bbox 1058 2356 1089 2388; x_wconf 92' lang='lat' dir='ltr'>ln</span> <span class='ocrx_word' id='word_1_221' title='bbox 1125 2365 1192 2398; x_wconf 88' lang='lat' dir='ltr'>quo</span> <span class='ocrx_word' id='word_1_222' title='bbox 1227 2365 1292 2389; x_wconf 90' lang='lat' dir='ltr'>non</span> <span class='ocrx_word' id='word_1_223' title='bbox 1331 2356 1483 2390; x_wconf 87' lang='lat' dir='ltr'>invenies</span> <span class='ocrx_word' id='word_1_224' title='bbox 1516 2356 1682 2397; x_wconf 74' lang='lat' dir='ltr'>Troianos</span> 
     </span>
     <span class='ocr_line' id='line_1_33' title="bbox 506 2409 1682 2453; baseline 0.001 -10"><span class='ocrx_word' id='word_1_225' title='bbox 506 2409 671 2443; x_wconf 85' lang='lat' dir='ltr'>Achillem</span> <span class='ocrx_word' id='word_1_226' title='bbox 696 2409 853 2443; x_wconf 87' lang='lat' dir='ltr'>timentes</span> <span class='ocrx_word' id='word_1_227' title='bbox 879 2419 946 2443; x_wconf 87' lang='lat' dir='ltr'>non</span> <span class='ocrx_word' id='word_1_228' title='bbox 972 2409 1188 2453; x_wconf 81' lang='lat' dir='ltr'>pugnavisse.</span> <span class='ocrx_word' id='word_1_229' title='bbox 1216 2409 1345 2443; x_wconf 84' lang='lat' dir='ltr'>Tamen</span> <span class='ocrx_word' id='word_1_230' title='bbox 1365 2410 1465 2444; x_wconf 83' lang='lat' dir='ltr'>huius</span> <span class='ocrx_word' id='word_1_231' title='bbox 1484 2411 1528 2444; x_wconf 87' lang='lat' dir='ltr'>rei</span> <span class='ocrx_word' id='word_1_232' title='bbox 1547 2420 1682 2453; x_wconf 88' lang='lat' dir='ltr'>quoque</span> 
     </span>
     <span class='ocr_line' id='line_1_34' title="bbox 507 2463 1680 2507; baseline -0.001 -10"><span class='ocrx_word' id='word_1_233' title='bbox 507 2463 677 2498; x_wconf 76' lang='lat' dir='ltr'>Homerus</span> <span class='ocrx_word' id='word_1_234' title='bbox 713 2466 905 2506; x_wconf 83' lang='lat' dir='ltr'>exemplum</span> <span class='ocrx_word' id='word_1_235' title='bbox 943 2463 1012 2500; x_wconf 77' lang='lat' dir='ltr'>fuit.</span> <span class='ocrx_word' id='word_1_236' title='bbox 1052 2464 1141 2506; x_wconf 89' lang='lat' dir='ltr'>quod</span> <span class='ocrx_word' id='word_1_237' title='bbox 1185 2464 1404 2507; x_wconf 70' lang='lat' dir='ltr'>Bacchylides</span> <span class='ocrx_word' id='word_1_238' title='bbox 1444 2466 1580 2498; x_wconf 84' lang='lat' dir='ltr'>secutus</span> <span class='ocrx_word' id='word_1_239' title='bbox 1620 2468 1680 2499; x_wconf 85' lang='lat' dir='ltr'>est.</span> 
     </span>
     <span class='ocr_line' id='line_1_35' title="bbox 505 2517 868 2560; baseline 0.003 -10"><span class='ocrx_word' id='word_1_240' title='bbox 505 2517 620 2551; x_wconf 80' lang='lat' dir='ltr'>Affero</span> <span class='ocrx_word' id='word_1_241' title='bbox 647 2522 674 2551; x_wconf 81' lang='grc' dir='ltr'><em>Ε</em></span> <span class='ocrx_word' id='word_1_242' title='bbox 698 2521 761 2551; x_wconf 79' lang='lat'>788</span> <span class='ocrx_word' id='word_1_243' title='bbox 787 2527 868 2560; x_wconf 76' lang='lat' dir='ltr'>sqq:</span> 
     </span>
    </p>
   </div>
  </div>
 </body>
</html>
