2226 3133
316 2846 358 2943 'ml

1173 493 1348 522 -35-

674 590 753 622 dum
779 598 846 622 non
865 592 913 622 est
933 588 1114 622 Pindarum
1135 588 1166 621 in
1187 587 1381 621 universum
1401 588 1542 619 venuste
1560 589 1659 629 atque
1676 588 1850 627 eleganter

674 643 863 676 describere
888 652 954 676 non
981 642 1147 685 potuisse;
1175 641 1279 674 immo
1305 640 1336 673 in
1363 640 1565 673 contrariam
1593 642 1720 682 partem
1740 638 1849 672 dicere

673 696 783 730 velim.
833 697 918 730 Nam
946 696 1046 730 etiam
1081 699 1179 738 poeta
1207 695 1392 728 Thebanus
1425 694 1580 737 singulas
1614 702 1666 727 res
1699 693 1846 736 quadam

673 759 749 784 curn
782 750 951 795 elegantia
983 750 1167 793 depingere
1200 749 1304 792 potuit
1329 750 1359 782 et
1385 749 1426 782 ad
1454 749 1518 782 hoc
1544 747 1692 781 maxime
1718 746 1849 780 idoneis

672 804 825 847 epithetis
857 814 939 838 usus
970 806 1036 842 est;
1069 803 1195 846 inspice
1229 805 1338 836 locum
1374 801 1534 836 carminis
1567 806 1593 836 O
1618 801 1658 834 VI
1692 804 1733 835 3‘)
1765 809 1848 843 sqq,

672 868 739 901 quo
773 861 870 901 poeta
903 858 1064 892 feminam
1100 856 1339 900 parturientem
1372 855 1606 899 pulcherrimis
1630 854 1741 888 verbis
1771 855 1848 888 ante

672 915 789 947 oculos
814 913 921 956 ponit:

993 965 1012 1001 ἁ
1038 969 1071 1000 δὲ
1098 965 1364 1009 φοινικόκροκον
1389 965 1448 1008 ζώ-

1046 1035 1108 1055 ναν
1132 1022 1392 1064 καταθηκαμένα

991 1074 1135 1109 κάλπιδά
1160 1073 1360 1118 τ’ᾰργυρέαν
1385 1073 1457 1117 λόχ-

1043 1142 1106 1172 μας
1132 1127 1194 1163 ὑπὸ
1221 1130 1364 1166 κυανέας

991 1185 1079 1216 τίκτε
1106 1183 1278 1225 θεόφρονα
1303 1184 1438 1224 κοῦρον.

738 1235 815 1279 Οιίο
834 1239 907 1269 loco
925 1237 1022 1278 poeta
1039 1235 1138 1269 etiam
1159 1234 1370 1278 aptissimum
1391 1234 1510 1277 cuique
1529 1233 1656 1267 nomini
1675 1233 1845 1275 epitheton

671 1289 816 1323 attribuit
838 1290 881 1323 ita
899 1292 933 1324 ut
952 1289 1136 1334 imaginem
1156 1288 1416 1332 pulcherrimam
1436 1287 1592 1322 efficeret.
1642 1287 1714 1321 Hoc
1733 1291 1844 1320 autem

670 1343 850 1377 dicendum
885 1344 933 1378 est
970 1343 1152 1377 Pindarum
1188 1352 1296 1386 paene
1330 1352 1464 1385 semper
1499 1343 1672 1375 moderate
1703 1343 1734 1374 et
1766 1344 1846 1374 tem-

670 1400 826 1441 peranter
849 1398 993 1441 epitheta
1018 1397 1172 1432 ornantia
1198 1397 1404 1434 adhibuisse,
1439 1406 1506 1440 qua
1538 1397 1579 1429 de
1611 1404 1715 1429 causa
1744 1395 1844 1428 etiam

670 1452 840 1486 rarissime
866 1452 896 1486 in
924 1452 1058 1486 Pindari
1083 1451 1290 1486 carminibus
1317 1451 1467 1485 invenies
1496 1452 1580 1484 tales
1613 1452 1705 1483 locos
1736 1449 1846 1492 qualis

669 1510 719 1540 est
746 1511 771 1541 O
797 1507 836 1540 Vl
863 1508 921 1540 63:

989 1562 1103 1595 ἵκοντο
1129 1559 1315 1604 ὁ“ἰ”ψι]λοῖο
1339 1562 1394 1594 πέ-

1042 1628 1125 1658 τραι·
1149 1613 1312 1655 ἀλίβατον
1335 1616 1492 1657 κρονιόν·

736 1676 823 1710 Nam
850 1676 994 1710 Cronius
1018 1676 1112 1710 collis
1137 1676 1344 1719 ineptissime
1368 1677 1507 1709 vocatur
1529 1677 1641 1718 πέτρα
1667 1674 1842 1715 (famame.

775 1858 804 1890 b.
855 1856 911 1890 De
943 1856 1356 1899 Comparationibus
1388 1857 1419 1889 et
1450 1855 1734 1898 Imaginibus.

734 1938 943 1981 Quaestione
969 1938 1010 1971 de
1034 1937 1188 1980 epithetis
1218 1937 1258 1970 ad
1292 1936 1395 1970 tinem
1429 1936 1588 1978 perducta
1621 1935 1844 1978 aggredimur

668 2002 757 2026 nunc
781 2002 868 2030 eam,
895 2002 975 2025 num
1003 1991 1222 2034 Bacchylides
1252 1990 1351 2024 etiam
1380 1991 1410 2024 in
1444 1989 1753 2032 comparationibus
1785 1989 1842 2022 ad-

668 2047 823 2081 hibendis
848 2047 1034 2080 Homerum
1068 2048 1204 2080 secutus
1229 2045 1278 2079 sit.
1329 2045 1499 2079 Homerus
1531 2043 1842 2087 comparationibus

667 2100 711 2135 ita
742 2101 852 2135 utitur.
886 2103 920 2134 ut
951 2101 983 2134 in
1016 2100 1064 2134 eis
1095 2100 1321 2144 expingendis
1347 2109 1417 2133 rem
1444 2099 1563 2142 ipsam.
1593 2108 1680 2142 quae
1705 2107 1841 2140 compa-

667 2155 795 2189 ratione
821 2155 1011 2193 illustratur‚
1038 2157 1130 2188 nullo
1154 2155 1257 2188 verbo
1282 2155 1410 2197 tangat.
1459 2153 1660 2196 Exemplum
1688 2152 1840 2186 atteram.

667 2209 697 2244 11.
735 2209 776 2243 XI
817 2213 876 2243 112
913 2219 983 2252 sqq.
1043 2210 1269 2253 Agamemno.
1307 2207 1359 2242 cui
1395 2216 1495 2241 nemo
1534 2207 1687 2241 resistere
1722 2209 1840 2249 potest.

666 2272 741 2296 curn
769 2265 875 2299 leone.
900 2263 955 2306 qui
981 2265 1090 2305 pullos
1115 2262 1269 2296 cervinos
1295 2261 1456 2299 interficit.
1487 2264 1712 2303 comparatur.
1763 2260 1839 2293 Non

665 2319 774 2351 solum
802 2319 854 2350 leo
878 2316 992 2350 viridis
1017 2316 1185 2350 coloribus
1211 2315 1411 2359 depingitur.
1438 2323 1557 2348 cervae
1581 2323 1726 2357 quoque.
1752 2323 1840 2357 quae

665 2380 872 2414 quamquam
898 2379 1001 2413 prope
1025 2370 1130 2408 abest,
1154 2372 1268 2403 tamen
1294 2369 1416 2402 vitulos
1433 2377 1568 2402 servare
1586 2367 1710 2411 nequit.
1736 2376 1841 2410 pavor

664 2426 696 2459 et
725 2425 821 2459 dolor
851 2423 985 2467 copiose
1017 2423 1260 2458 describuntur.
1308 2423 1359 2457 Ad
1385 2421 1658 2468 Agamemnonis
1690 2421 1837 2455 furorem
