2303 3141
1143 574 1320 605 -21-

642 669 704 703 XV
721 672 762 703 25
800 673 902 714 μῆτιν
926 671 1181 714 ἐπίφροναετ
1198 672 1262 704 326
1286 672 1454 714 ἐπίφρονα
1477 674 1578 715 μῆτιν

642 722 680 756 fr.
698 726 773 761 4.13
797 726 971 768 μελίφρων
995 720 1199 763 ὕπνοςΞΒ
1216 727 1257 758 34
1281 727 1455 768 μελίφρων
1478 722 1585 765 ὕπνος

642 776 680 811 fr.
706 780 757 816 5.2
799 776 954 822 ἀρρήτων
978 779 1173 821 ἐπέωνεξ
1190 780 1254 812 466
1279 779 1358 818 ἔπος
1383 777 1531 823 ἄρρητον

641 831 697 864 XII
715 833 757 865 49
796 835 992 866 παντοίαισι
1016 834 1233 876 τέχναιςεζ
1251 835 1313 866 234
1338 836 1459 878 τέχνην
1481 837 1649 878 παντοίην

642 884 679 919 fr.
699 888 773 924 21.2
797 888 984 930 πορφύρεοι
1008 888 1237 931 τάπητεςΞΙ
1254 890 1318 920 200
1341 889 1462 932 τάπησι
1486 890 1732 931 πορφυρέοισιν

642 939 680 973 fr.
699 943 769 978 22.1
798 942 915 975 λάϊνον
939 939 1134 975 οὐδόν-πθ
1150 945 1194 975 80
1218 943 1334 976 λάϊνον
1357 941 1462 977 ου’δόν

641 994 671 1027 Χ
695 997 754 1030 93.
799 996 940 1029 δάσκιον
965 992 1103 1030 ὕλανΞ
1119 1001 1145 1030 O
1164 999 1226 1029 273
1252 998 1388 1036 δάσκιος
1415 995 1475 1041 ὕλη

642 1047 697 1081 XII
722 1050 765 1082 64
800 1050 943 1083 κυάνεον
968 1052 1173 1092 νέφοςΞΠ
1187 1052 1228 1083 60
1253 1052 1396 1085 κυάνεον
1420 1053 1531 1093 νέφος,

710 1102 837 1136 Dixerit
869 1103 1036 1146 quispiam
1070 1104 1209 1138 minime
1241 1114 1282 1138 ex
1309 1106 1372 1138 hoe
1405 1105 1513 1139 indice
1538 1105 1644 1148 sequi,
1677 1107 1712 1138 ut
1738 1105 1818 1138 Bac-

641 1157 791 1200 chylides
817 1157 1005 1191 Homerum
1032 1158 1144 1202 magis
1161 1159 1357 1201 expilaverit
1374 1169 1476 1202 quam
1495 1159 1549 1193 alii
1568 1163 1696 1202 poetae.
1729 1159 1816 1193 Nam

644 1210 828 1245 Pindarum
854 1221 989 1255 quoque
1014 1222 1082 1246 non
1109 1222 1184 1246 raro
1209 1212 1363 1247 formulis
1388 1213 1579 1247 Homericis
1604 1223 1704 1247 usum
1731 1222 1816 1247 esse.

641 1267 749 1309 Atque
774 1275 854 1300 vero
879 1269 1012 1308 poetam
1039 1266 1241 1300 Thebanum
1267 1267 1336 1301 fere
1360 1270 1403 1300 40
1427 1267 1592 1301 formulas
1618 1267 1818 1301 Homericas

641 1319 837 1353 immutatas
859 1320 1056 1354 adhibuisse
1072 1319 1209 1355 Schultz
1226 1322 1407 1364 testatur¹),
1434 1321 1535 1355 index
1553 1331 1651 1355 meus
1670 1321 1817 1364 Bacchy-

641 1373 750 1408 lideus
774 1377 816 1408 30
841 1376 997 1417 exempla
1022 1375 1261 1417 complectitur.
1310 1376 1352 1409 At
1378 1375 1504 1418 respice
1529 1385 1660 1414 omnes.
1687 1376 1742 1419 qui
1761 1385 1817 1409 ex·

639 1431 737 1468 stant,
763 1438 882 1463 versus
901 1429 1110 1473 Bacchylidis
1134 1429 1190 1464 vix
1216 1429 1350 1464 Pindari
1377 1440 1482 1464 unum
1502 1430 1622 1464 librum
1641 1429 1817 1474 Olympio·

640 1483 792 1517 nicarum
831 1493 973 1518 numero
1014 1493 1170 1527 aequare.
1186 1484 1210 1527 ²)
1247 1493 1330 1528 ergo
1371 1494 1430 1528 pro
1470 1494 1631 1519 versuum
1674 1494 1816 1519 numero

639 1539 796 1582 exempla
821 1537 1043 1581 Bacchylidea
1070 1540 1174 1572 multo
1199 1538 1366 1573 crebriora
1391 1540 1469 1573 sunt
1498 1549 1600 1583 quam
1627 1539 1815 1573 Pindarica.

638 1592 775 1626 Accedit
808 1593 898 1636 quod
933 1595 1076 1627 multum
1110 1593 1246 1628 interest
1281 1593 1366 1628 inter
1398 1593 1562 1628 formulas
1597 1594 1638 1628 ab
1674 1596 1817 1638 utroque

638 1649 736 1690 poeta
753 1656 795 1681 ex
814 1647 964 1681 Homero
981 1648 1206 1691 depromptas.
1257 1647 1344 1682 Nam
1363 1648 1514 1691 perspice
1531 1648 1687 1687 indicem,
1713 1658 1814 1693 quem

638 1700 775 1736 Schultz
806 1701 912 1740 affert,
945 1704 1103 1746 pleraque
1134 1702 1290 1745 epitheta,
1322 1712 1409 1746 quae
1442 1703 1609 1737 Pindarus
1642 1705 1816 1738 mutuatus

638 1757 698 1795 est,
725 1756 767 1790 ab
792 1756 952 1790 omnibus
976 1756 1082 1799 poetis
1108 1757 1225 1790 detrita
1250 1766 1326 1792 esse
1352 1757 1514 1792 invenies.
1549 1757 1608 1791 Ex.
1626 1767 1676 1802 gr.
1698 1758 1729 1791 in
1748 1758 1815 1801 epi-

637 1809 746 1848 thetis,
773 1819 858 1854 quas
884 1810 1051 1845 Pindarus
1075 1820 1117 1845 ex
1139 1811 1276 1845 Homeri
1295 1812 1503 1846 carminibus
1520 1812 1674 1855 sumpsit.
1700 1821 1815 1846 occur·

638 1865 714 1898 runt
740 1865 838 1899 haec:
866 1867 975 1908 φίλος,
1002 1865 1152 1910 χάλκεος,
1178 1865 1276 1910 ‹dxi-g,
1301 1866 1433 1910 γλυκύς,
1458 1871 1582 1910 κοῖλος,
1608 1865 1716 1911 εὖρύς,
1740 1882 1816 1911 χρι*

637 1923 727 1959 σοῦς,
755 1918 844 1964 ὀξύς,
875 1922 992 1960 κεόιιός
1023 1929 1050 1954 e.
1069 1930 1099 1964 q.
1118 1930 1154 1959 s..
1190 1930 1278 1964 quae
1310 1920 1426 1954 omnia
1458 1922 1548 1964 apud
1581 1930 1703 1956 omnes
1735 1921 1814 1956 scri-

637 1975 749 2016 ptores
779 1976 923 2013 exstant‚
955 1984 1032 2008 cum
1066 1975 1098 2008 in
1130 1975 1285 2009 formulis
1318 1975 1517 2015 Homericis,
1550 1984 1637 2019 quae
1669 1978 1748 2009 sunt
1781 1975 1813 2009 in

638 2027 849 2072 Bacchylidis
881 2029 1097 2068 carminibus,
1129 2029 1209 2063 talia
1241 2031 1434 2064 occurrant:
1476 2031 1732 2075 βαρύφθογγος,
1765 2029 1814 2065 εὔ-

635 2096 800 2127 πρυμνος,
841 2083 1039 2127 ἱππόβοτος,
1078 2085 1322 2128 καρχαρόδους,
1361 2087 1545 2129 μελίφρων,
1591 2083 1812 2128 ὑπερφίαλος,

638 2136 814 2181 ὑψίπυλος,
833 2141 1093 2182 φαυσίμβροτος,
1110 2141 1371 2183 χρυσαλάκατος,
1390 2138 1546 2178 ὠκύπους
1567 2148 1595 2173 e.
1614 2149 1644 2182 q.
1662 2148 1700 2176 s..
1725 2148 1813 2182 quae

637 2192 775 2226 Homeri
801 2194 852 2226 vel
878 2194 1052 2235 poetarum
1079 2193 1250 2236 epicorum
1277 2193 1426 2227 maxime
1444 2193 1577 2236 propria
1594 2195 1682 2227 sunt.
1721 2192 1812 2237 Ergo

637 2246 857 2290 Bacchylides
883 2247 987 2280 multo
1013 2247 1125 2291 magis
1141 2248 1268 2282 studuit
1285 2257 1387 2290 quam
1408 2247 1584 2285 Pindarus.
1611 2249 1645 2281 ut
1663 2250 1810 2282 colorem

635 2300 804 2335 sermonis
837 2300 1006 2335 Homerici
1038 2301 1071 2335 in
1103 2310 1166 2335 sua
1197 2301 1348 2336 carmina
1382 2301 1586 2336 transferret.
1647 2301 1746 2336 Nunc
1778 2301 1811 2336 in

709 2389 730 2424 ¹)
749 2389 791 2418 De
811 2391 975 2418 elocutionis
995 2390 1156 2419 Pindaricae
1176 2392 1270 2419 colore
1290 2392 1369 2427 epico
1389 2399 1414 2427 p.
1435 2395 1464 2419 31
1488 2400 1548 2427 sqq.

707 2436 729 2470 ²)
750 2435 779 2464 ln
799 2437 992 2471 computandis
1006 2435 1116 2464 Pindari
1135 2437 1264 2464 versibus
1283 2445 1338 2465 non
1353 2437 1547 2465 Boeckhianos
1567 2437 1626 2468 sed.
1646 2440 1674 2465 ut
1694 2445 1744 2472 par
1761 2439 1811 2468 est.

635 2481 761 2508 codicum
781 2489 912 2510 numeros
931 2484 1044 2509 secutus
1063 2490 1133 2513 sum.
1157 2490 1219 2510 narn
1241 2482 1398 2510 Boeckhius
1424 2482 1564 2518 periodos.
1591 2482 1671 2511 Blass
1698 2483 1723 2510 in
1744 2483 1811 2511 Bac-

634 2526 751 2562 chylidis
770 2527 891 2555 editione
910 2527 971 2554 cola
991 2528 1123 2555 numerat.
