2303 3141
1064 635 1237 667 „30-

670 744 699 778 V
721 747 780 778 105
806 741 1047 786 α’ναιδομάχαςῖ
1073 743 1182 776 Ε593
1208 740 1328 784 ἔχουσα
1353 737 1517 781 κυδοιμὸν
1541 737 1679 772 αἰάίδεα

991 798 1169 840 δηιοτῆτος
1672 790 1673 793 ’

669 861 743 896 XVI
761 864 802 896 97
829 861 1070 898 ἑυαλιυαιέταςί
1099 862 1124 893 O
1146 860 1206 893 190
1225 884 1231 890 .
1251 883 1257 890 .
1277 883 1283 890 .
1303 857 1424 900 ἔλαχον
1447 853 1572 899 πολιὴν

992 911 1055 948 ἅλα
1080 914 1223 956 ναιέμεν.

630 978 827 1015 Secundum
853 978 937 1011 haec
961 976 1107 1019 epitheta
1132 976 1231 1018 poeta
1256 974 1322 1008 alia
1346 973 1456 1008 effecit
1481 973 1571 1006 velut
1595 970 1741 1015 ἀκαμαν-

511 1042 517 1049 “
562 1033 701 1079 τορόας,
724 1033 928 1078 μηλοθύτας,
952 1032 1217 1075 πορφυροδίνας.

631 1106 729 1150 Quae
753 1105 910 1148 exempla
935 1105 1035 1138 allata
1059 1103 1160 1137 etiam
1186 1102 1289 1136 testes
1317 1101 1397 1135 sunt
1422 1099 1610 1134 Homerum
1644 1098 1740 1143 quasi

565 1161 740 1196 materiam
767 1159 974 1203 praebuisse,
999 1167 1100 1201 quam
1122 1156 1343 1200 Bacchylides
1368 1165 1436 1190 non
1463 1155 1537 1189 sine
1562 1155 1631 1188 arte
1657 1154 1742 1187 inter

564 1226 602 1251 se
618 1215 773 1250 misceret
791 1216 890 1257 atque
907 1212 1138 1256 conjungeret.
1175 1211 1297 1245 Adhuc
1314 1210 1416 1254 igitur
1432 1219 1568 1252 semper
1585 1210 1742 1251 exempla

565 1269 746 1305 Homerica
777 1267 928 1302 invenire
958 1266 1138 1310 potuimus,
1170 1274 1258 1309 quae
1284 1264 1503 1308 Bacchylides
1537 1263 1569 1297 in
1601 1262 1743 1297 vocibus

564 1324 732 1360 novandis
757 1324 893 1357 secutus
917 1321 969 1356 sit.

632 1387 731 1421 Nunc
755 1385 961 1430 quaerimus,
987 1394 1068 1418 num
1096 1382 1316 1426 Bacchylides
1348 1381 1448 1416 etiam
1482 1381 1628 1424 epitheta
1663 1380 1742 1414 effe-

565 1441 654 1479 cerit,
679 1450 766 1485 quae
791 1439 832 1474 ab
857 1439 1014 1482 exemplo
1037 1437 1218 1472 Homerico
1243 1436 1412 1470 recedant.
1461 1437 1571 1479 Atque
1596 1435 1740 1478 primum

565 1497 701 1541 quidem
727 1504 812 1530 voco
836 1494 1060 1537 epithetorum
1078 1501 1199 1536 genus,
1225 1501 1312 1535 quae
1329 1500 1407 1525 cum
1425 1489 1631 1533 superlativo
1651 1499 1742 1523 com-

552 1551 674 1594 ³posita
698 1551 786 1584 sunt.
834 1548 940 1584 Cuius
963 1547 1099 1592 generis
1124 1548 1280 1589 exempla
1309 1547 1511 1588 sequantur:
1544 1543 1744 1588 ιέριστιελκὴς

564 1605 695 1648 (Vll‚7),
721 1603 920 1648 α’ρίσταρχος
938 1602 1095 1645 (ΧΙΙ,58),
1114 1599 1361 1644 ἅριστόκαρπος
1379 1599 1486 1641 (HLI),
1512 1597 1742 1642 ἀριστοπάτρα

565 1659 709 1702 (X,106).
729 1658 993 1702 μεγιστοάνασσα
1011 1655 1203 1697 (XVlll.21),
1220 1647 1472 1698 μεγιστοπάτωρ
1491 1652 1635 1694 (V,l()()).
1653 1654 1743 1686 πλεί-

565 1724 707 1757 σταρχος
731 1711 785 1754 (lll
808 1712 868 1754 12).
920 1709 987 1745 Sed
1014 1710 1098 1743 haec
1122 1709 1267 1751 epitheta
1292 1709 1448 1749 exemplo
1467 1706 1648 1740 Homerico
1674 1715 1742 1739 non

565 1769 664 1810 plane
697 1766 828 1803 carent;
869 1774 948 1798 nam
984 1763 1084 1798 Hom.
1113 1767 1147 1797 Σ
1173 1766 1214 1796 54
1240 1761 1417 1795 Thetidem
1453 1761 1551 1794 deam
1591 1759 1743 1793 invenies

564 1822 760 1865 querentem
787 1819 839 1853 his
863 1818 991 1853 Verbis:
1018 1817 1046 1852 ὦ
1069 1832 1126 1861 μοι
1151 1815 1216 1861 ἐγώ
1242 1815 1344 1860 δειλή,
1371 1814 1398 1849 ὦ
1422 1830 1478 1859 μοι
1505 1817 1742 1857 δυσαριστο-

563 1877 714 1919 τόκεια,
740 1883 827 1918 quae
850 1883 917 1907 vox
942 1872 1015 1906 sine
1040 1871 1142 1906 dubio
1160 1881 1236 1905 cum
1255 1869 1460 1913 superlativo
1478 1867 1665 1911 composita
1682 1868 1742 1901 est.

563 1931 673 1973 Atque
704 1937 802 1971 porro
825 1927 920 1961 ,lovis
951 1926 1121 1969 epitheton
1153 1925 1407 1969 μεγιστοπάτωρ
1442 1922 1646 1956 locutionem
1677 1921 1744 1954 Ηο-

502 1980 504 1982 ’
565 1982 742 2017 mericam:
776 1985 841 2016 Ζεῦ
874 1980 1008 2015 κύδιστε
1040 1981 1170 2023 μέγιστε
1196 1979 1227 2012 et
1251 1981 1316 2012 Ζεῦ
1343 1979 1447 2020 πάτερ
1478 1976 1510 2009 in
1541 1975 1742 2009 memoriam

564 2037 708 2074 revocat,
734 2045 775 2070 ex
800 2035 922 2079 quibus
947 2033 1172 2067 locutionibus
1197 2032 1282 2065 inter
1302 2040 1339 2065 se
1357 2030 1545 2071 conjunctis
1563 2029 1654 2063 haud
1672 2028 1742 2062 scio

565 2101 607 2125 an
633 2099 699 2124 vox
722 2090 975 2134 μεγιστοπάτωρ
999 2086 1143 2121 fluxerit.
1191 2086 1321 2120 Tamen
1352 2085 1453 2119 etiam
1486 2084 1517 2118 in
1542 2083 1743 2126 Bacchylide

563 2145 756 2179 facultatem
782 2143 928 2186 epitheta
950 2151 991 2176 ex
1009 2151 1046 2176 se
1064 2141 1136 2184 ipso
1153 2139 1318 2185 gignendi
1336 2139 1442 2173 fuisse
1460 2139 1525 2172 hoc
1542 2147 1610 2172 uno
1628 2147 1741 2171 exem-

565 2200 619 2242 plo
645 2199 878 2233 demonstrare
901 2196 1013 2230 velim.
1063 2195 1150 2229 Nam
1170 2194 1224 2228 Vll
1243 2197 1285 2228 48
1309 2193 1384 2227 lovi
1410 2193 1579 2236 epitheton
1605 2206 1742 2236 κεραυν-

565 2254 659 2298 εγχής
690 2252 718 2287 is
752 2251 807 2296 qui
833 2251 975 2285 fulmine
1007 2250 1158 2284 armatus
1183 2250 1233 2283 est
1257 2247 1447 2291 appositum
1481 2248 1541 2281 est.
1599 2245 1676 2289 Qua
1709 2255 1744 2280 re

565 2308 756 2342 commotus
794 2305 1013 2349 Bacchylides
1048 2306 1114 2338 tale
1150 2303 1320 2347 epitheton
1357 2301 1540 2336 formavit?
1604 2300 1744 2334 Putares

564 2370 683 2396 vocem
716 2362 810 2406 ἔγχος
842 2361 960 2394 hastae
991 2367 1078 2403 quae
1110 2357 1250 2392 iactatur
1282 2357 1386 2391 instar
1416 2365 1492 2390 esse
1523 2358 1632 2399 atque.
1666 2364 1742 2388 cum

564 2416 716 2460 luppiter
751 2414 894 2449 fulmina
927 2413 1097 2451 iaculetur,
1135 2413 1268 2455 poetam
1305 2412 1368 2445 hoc
1402 2410 1572 2453 epitheton
1607 2418 1744 2452 compo-

565 2471 685 2505 suisse.
733 2469 800 2504 Sed
831 2478 896 2512 ego
925 2467 1061 2512 quidem
1095 2466 1205 2500 dicere
1221 2465 1334 2503 velim.
1360 2465 1402 2498 ad
1428 2465 1492 2498 hoc
1517 2463 1742 2506 compositum

567 2523 804 2567 Bacchylidem
853 2522 1012 2565 operibus
1056 2521 1195 2564 depictis
1240 2521 1339 2563 atque
1382 2518 1521 2561 sculptis
1563 2518 1743 2551 excitatum

566 2587 652 2612 esse.
701 2577 789 2611 Nam
816 2577 858 2610 ab
876 2575 1022 2619 antiquis
1039 2574 1222 2608 artificibus
1246 2573 1374 2607 fulmen
1393 2575 1428 2606 ut
1453 2573 1550 2605 hasta
1574 2571 1743 2614 depictum
