2303 3141
1015 522 1192 553 -24-

515 618 545 652 V
566 622 620 653 141
652 617 777 663 φιτρὸν
800 617 994 664 ω’κύμορονί
1022 623 1048 654 O
1065 622 1130 653 440
1156 620 1201 654 loz
1226 617 1397 663 ὠκύμοροι

514 672 544 706 V
562 676 601 707 25
629 671 710 713 ἁλὸς
735 671 919 717 ἀκαμάταςί
945 677 976 707 Ε
990 676 1010 706 4
1035 671 1206 716 ἀκάματον
1228 677 1295 716 πῦρ

514 727 544 761 Χ
561 731 602 762 55
629 726 708 772 ὄρος
732 730 955 771 τανίφυλλονῑ
981 741 1000 762 v
1022 730 1080 762 102
1105 729 1318 771 τανύφυλλος
1342 729 1452 773 ἐλαίη.

579 781 661 816 Sine
695 781 798 816 dubio
831 781 1001 825 epitheton
1036 783 1211 826 ἐριβρύχας
1245 783 1350 816 multo
1385 782 1480 825 peius
1515 782 1556 816 ad
1591 791 1688 817 suem

512 845 614 880 quam
647 837 688 870 ad
721 836 853 875 bovem,
885 839 1096 879 τανίφυλλον
1126 845 1193 870 non
1226 837 1294 870 tam
1327 837 1369 870 ad
1403 838 1553 870 montem
1586 846 1687 880 quam

512 890 553 924 ad
580 890 704 925 olivam
730 891 882 934 quadrat.

579 944 712 988 Quibus
737 955 777 979 ex
803 945 912 979 allatis
929 945 1094 988 exemplis
1112 946 1212 988 plane
1229 945 1389 989 sequitur,
1415 947 1449 979 ut
1468 945 1688 989 Bacchylides

511 1000 677 1043 permulta
702 1000 846 1043 epitheta
872 999 1027 1034 ornantia
1052 1009 1093 1034 ex
1120 999 1270 1034 Homero
1296 1000 1454 1037 hauserit.
1487 1001 1686 1044 plerumque

510 1056 622 1089 autem
649 1064 716 1089 non
742 1054 852 1088 eidem
879 1054 1008 1088 nomini
1041 1055 1141 1098 atque
1167 1054 1337 1088 Homerus
1369 1055 1429 1088 sed
1462 1054 1516 1088 alii
1549 1055 1684 1088 cuidam

509 1108 668 1143 tribuerit.
716 1108 807 1144 Sane
833 1109 896 1142 hoc
921 1109 1108 1142 notandum
1135 1110 1184 1142 est
1210 1108 1457 1152 Bacchylidem,
1476 1118 1684 1152 quamquam

509 1165 614 1197 multo
644 1164 739 1206 plura
764 1163 911 1206 epitheta
942 1171 983 1197 ex
1009 1162 1147 1197 Homeri
1179 1162 1386 1197 carminibus
1420 1162 1685 1206 deprompsisset

507 1227 609 1262 quam
637 1217 814 1256 Pindarus,
839 1219 953 1252 tamen
972 1217 1186 1260 paucioribus
1204 1217 1286 1251 locis
1302 1217 1468 1251 formulas
1487 1217 1684 1251 immutatas

507 1272 712 1307 adhibuisse.
761 1272 795 1306 ln
813 1271 972 1307 Schultzii
994 1272 1262 1315 dissertatione1)
1289 1272 1480 1306 invenimus
1498 1272 1587 1314 apud
1607 1271 1683 1305 Pin-

507 1327 626 1361 darum
653 1327 831 1371 sexaginta
856 1326 925 1361 fere
949 1336 990 1360 ex
1016 1326 1170 1369 epithetis
1196 1326 1385 1360 Homericis
1415 1326 1641 1370 quadraginta
1664 1336 1682 1360 a

506 1381 644 1415 nomine
669 1381 850 1415 Homerico
881 1390 947 1415 non
980 1381 1155 1419 disiuncta,
1187 1381 1305 1424 viginti
1341 1380 1506 1414 disiuncta
1539 1383 1681 1419 exstare,

505 1445 581 1469 curn
609 1435 828 1478 Bacchylides
853 1434 922 1469 fere
946 1444 988 1469 ex
1013 1435 1230 1479 septuaginta
1260 1435 1413 1477 epithetis
1444 1434 1581 1478 triginta
1613 1444 1680 1468 non

503 1489 656 1523 seiuncta
681 1489 879 1527 adhibuerit,
905 1489 1131 1532 quadraginta
1157 1490 1269 1523 autem
1296 1498 1315 1522 a
1341 1488 1480 1522 nomine
1500 1488 1681 1522 Homerico

503 1543 696 1577 seiunxerit.
745 1543 895 1577 Variavit
920 1543 1021 1586 igitur
1042 1542 1262 1586 Bacchylides
1287 1542 1451 1576 formulas
1469 1542 1679 1580 Homericas‚

502 1599 537 1631 ut
569 1597 646 1631 novi
679 1597 803 1640 aliquid
837 1606 971 1631 creasse
1002 1597 1180 1631 videretur.
1229 1596 1383 1640 Epitheta
1408 1597 1590 1630 Homerica
1622 1606 1679 1630 ex-

501 1651 675 1695 quisitiora
700 1654 805 1685 multo
831 1651 980 1685 crebrius
1010 1652 1099 1694 apud
1131 1660 1210 1685 eum
1242 1653 1422 1685 occurrunt
1453 1661 1556 1693 quam
1591 1652 1678 1694 apud

502 1705 697 1739 Pindarum.
761 1705 892 1739 Desunt
924 1706 1014 1748 apud
1046 1706 1146 1743 hunc,
1179 1707 1313 1739 exstant
1345 1706 1433 1748 apud
1470 1705 1562 1738 illum
1596 1705 1679 1739 haec

500 1759 662 1802 epitheta:

501 1813 674 1858 ἀεικέλιος,
700 1813 872 1859 α’ργάλεος,
894 1812 1096 1858 ειῗκτίμειός,
1114 1813 1275 1858 abanec,
1293 1812 1470 1858 εὔπακτος,
1487 1812 1677 1859 ειῖποίητος,

499 1868 733 1913 πολλὺλιστος,
758 1868 983 1914 ταλαπενθής,
1007 1872 1228 1912 τανίφυλλος.

565 1922 784 1966 Quamquam
810 1923 881 1957 fieri
907 1923 1022 1966 potuit,
1055 1925 1089 1957 ut
1114 1923 1147 1957 in
1173 1922 1309 1957 Pindari
1342 1922 1523 1966 deperditis
1555 1923 1675 1957 carmi-

497 1976 597 2011 nibus
622 1979 786 2011 nonnulla
811 1986 852 2011 ex
878 1977 930 2011 his
955 1977 1104 2011 adhibita
1129 1979 1252 2016 essent,
1277 1979 1390 2012 tamen
1414 1980 1509 2021 plura
1527 1978 1674 2021 epitheta

497 2031 624 2065 rariora
650 2031 886 2075 Bacchylidem
919 2041 960 2066 ex
986 2031 1137 2066 Homero
1170 2032 1326 2066 hausisse
1357 2042 1459 2076 quam
1487 2032 1671 2066 Pindarum

495 2086 613 2120 elucet.
662 2085 695 2119 ln
722 2085 917 2120 universum
946 2086 1046 2129 igitur
1070 2086 1179 2120 dicere
1204 2095 1398 2129 possumus.
1424 2087 1672 2130 Bacchylidem,

494 2149 702 2184 quamquam
728 2140 864 2183 saepius
888 2140 1034 2183 epitheta
1059 2141 1257 2184 deprompta
1282 2151 1301 2174 a
1327 2141 1465 2175 nomine
1491 2141 1672 2176 Homerico

493 2194 677 2228 seiunxerit
711 2195 811 2238 atque
845 2194 918 2228 aliis
953 2194 1148 2229 nominibus
1182 2195 1375 2232 attribuerit.
1410 2197 1523 2229 tamen
1560 2196 1672 2240 magis

493 2258 595 2291 quam
623 2248 806 2282 Pindarum
833 2249 980 2283 colorem
1007 2249 1225 2282 Homericum
1253 2249 1424 2292 praebere.

559 2303 600 2336 At
626 2302 658 2335 in
684 2303 886 2336 contrariam
914 2304 1041 2345 partem
1067 2303 1211 2337 attulerit
1235 2303 1403 2347 quispiam
1427 2303 1518 2337 hunc
1535 2305 1669 2346 poetam

493 2355 632 2390 Homeri
659 2356 859 2391 imitatorem
891 2357 1077 2400 putandum
1111 2366 1178 2391 non
1211 2366 1296 2395 esse,
1329 2357 1409 2400 quia
1441 2366 1668 2401 permagnum

491 2419 672 2444 numerum
698 2410 921 2453 epithetorum
948 2411 1131 2445 novaverit.
1179 2412 1288 2454 Atque
1311 2420 1391 2445 vero
1409 2412 1569 2445 omnibus
1588 2411 1668 2445 Bac-

564 2482 584 2517 ι)
605 2490 630 2517 p.
650 2485 680 2510 31
703 2490 763 2517 sqq.
