2303 3141
1063 545 1239 575 -14-

685 638 828 686 ‘'Extopt
856 641 918 686 γάρ
944 641 977 676 οἱ
1004 639 1113 685 θυμὸς
1138 640 1296 682 ἑβοίλετο
1324 643 1427 681 κῦδος
1453 640 1568 685 ὀρέξαι

690 697 869 740 Πριαμίδῃ,
895 696 949 730 ἵνα
973 697 1070 740 νηυσὶ
1093 709 1175 739 κορα
1189 698 1255 730 νίσι
1278 697 1458 735 θεσπιδαὲς
1481 699 1548 739 πῦρ

691 749 830 794 ἐμβάλοι
851 748 1033 794 ἀκάματον.

629 814 663 848 In
699 813 772 857 ipsa
804 822 942 857 pugnae
978 812 1202 856 descriptione
1237 813 1362 848 Hector
1402 823 1471 848 non
1512 813 1585 856 ipse
1620 813 1736 857 ignem

561 867 661 906 inicit,
692 869 752 902 sed
787 867 934 911 reliquos
967 867 1073 902 Troes
1105 877 1183 901 eurn
1219 866 1340 901 afferre
1373 867 1472 902 iubet.
1508 867 1557 902 Cf.
1592 877 1622 902 v.
1656 871 1735 902 718:

668 924 775 958 οἴσετε
797 926 876 967 πῦρ,
901 919 967 966 ἅμα
989 921 1019 956 δ’
1040 920 1138 957 αι’τοὶ
1161 920 1297 962 ἀολλέες
1321 921 1435 966 ὄρνυτ’
1456 921 1563 967 ‹im-72³²)

560 978 592 1011 et
616 986 646 1010 v.
668 979 750 1010 730:

935 1029 1022 1064 Aiax
1046 1030 1133 1074 ἔγχεϊ
1157 1029 1187 1064 δ’
1211 1031 1276 1064 αἰεί

670 1089 785 1129 Τρῶας
809 1083 911 1129 ἄμυνε
936 1088 1033 1128 νεῶν,
1057 1081 1097 1124 ὅς
1120 1098 1170 1124 τις
1195 1086 1292 1128 φέροι
1317 1083 1490 1128 ἀκάματον
1512 1088 1589 1129 πῦρ.

625 1148 712 1184 Turn
732 1148 952 1192 Bacchylides
977 1149 1090 1182 narrat
1115 1149 1178 1182 has
1200 1148 1415 1182 Achaeorum
1442 1147 1619 1192 angustias
1644 1149 1735 1183 ortas

559 1212 645 1243 esse,
670 1212 712 1238 ex
736 1212 804 1248 quo
820 1203 968 1237 Achilles
992 1212 1131 1247 pugnae
1156 1212 1224 1237 non
1250 1202 1418 1236 intererat.
1460 1202 1548 1236 Nam
1575 1203 1656 1236 dum
1682 1202 1735 1237 hic

558 1258 644 1292 inter
667 1257 818 1294 Graecos
842 1257 1026 1302 pugnabat,
1049 1257 1185 1298 Trojani
1211 1267 1252 1292 ex
1278 1257 1370 1292 urbis
1395 1257 1501 1291 muris
1526 1266 1594 1291 non
1620 1266 1734 1300 proce-

559 1312 683 1347 debant
718 1313 917 1351 metuentes,
957 1321 1000 1346 ne
1038 1311 1245 1346 incurrerent
1282 1311 1315 1346 in
1351 1312 1500 1355 apertam
1540 1311 1732 1355 perniciem,

557 1367 585 1402 si
627 1366 660 1401 in
700 1376 859 1410 campum
901 1366 1034 1401 deducti
1075 1376 1151 1401 cum
1192 1366 1248 1400 tali
1288 1365 1360 1400 viro
1401 1365 1608 1400 dimicarent.
1683 1365 1733 1401 Cf.

557 1431 588 1455 v.
618 1425 678 1456 114
702 1431 781 1466 sqq:

879 1468 913 1502 οἳ
934 1469 1015 1511 πρὶν
1037 1469 1098 1510 μὲν
1120 1466 1378 1511 π[ολι’πυργο]ν

879 1520 976 1556 Ἰλίου
1000 1520 1133 1566 θαητὸν
1156 1520 1240 1556 ἄστυ

878 1575 920 1611 οὗ
943 1580 1070 1620 λεῖπον,
1096 1575 1294 1620 ἀτυζόμενοι
1321 1576 1377 1618 [δὲ

875 1634 1028 1665 πτᾶσσον
1050 1629 1165 1673 ὀξεῖαν
1187 1630 1307 1675 μάχαν,

983 1680 1052 1718 εὖτ’
1075 1685 1112 1719 ἐν
1133 1686 1240 1728 πεδίῳ
1264 1686 1416 1719 κλονέων

981 1737 1127 1782 μαίνοιτ’
1149 1737 1323 1783 Ἀχιλλείς,

876 1792 1052 1836 λαοφόνον
1076 1792 1159 1837 δόρυ
1183 1796 1293 1828 σείων.

622 1855 684 1890 Hic
709 1857 804 1890 locus
828 1855 1006 1889 manifeste
1031 1855 1153 1898 pendet
1178 1855 1219 1889 ab
1245 1855 1346 1890 Hom.
1372 1855 1399 1890 E
1423 1859 1487 1890 788
1511 1865 1601 1899 sqq:

682 1907 774 1954 ὄφρα
797 1911 859 1953 μὲν
882 1911 915 1949 ἐς
937 1908 1087 1954 πόλεμον
1113 1912 1307 1945 πωλέσκετο
1333 1911 1405 1950 δῖος
1427 1908 1600 1954 Άχιλλείς,

684 1962 764 1999 οὐδέ
785 1977 868 1998 ποτε
898 1967 1007 2007 Τρῶες
1030 1962 1096 2006 πρὸ
1120 1963 1262 1998 πυλάων
1286 1963 1510 2007 Δαρδανιάων

684 2019 868 2062 οἴχνεσκον·
901 2020 1014 2052 κείνου
1038 2016 1099 2061 γὰρ
1125 2019 1291 2052 ἐδείδισαν
1315 2016 1457 2062 ὄβριμον
1485 2018 1589 2062 ἔγχος·
1600 2018 1623 2060 ¹)

620 2080 689 2117 Sed
714 2090 790 2115 curn
815 2080 964 2115 Achilles
988 2080 1037 2114 ira
1061 2081 1252 2115 commotus
1278 2089 1319 2114 ex
1341 2089 1459 2125 pugna
1477 2081 1614 2115 abiisset
1631 2081 1730 2124 atque

553 2136 586 2171 in
611 2135 792 2170 tentorium
817 2144 917 2170 suurn
944 2134 1147 2173 recessisset,
1173 2134 1309 2176 Troiani
1335 2135 1453 2169 urbem
1473 2135 1675 2179 reliquerant
1699 2135 1731 2169 et

552 2189 762 2226 Graecorum
787 2189 932 2224 navibus
956 2198 1131 2223 summum
1164 2189 1349 2233 periculum
1382 2189 1572 2223 intulerant.
1620 2190 1730 2234 Atque

554 2243 774 2288 Bacchylides
810 2243 1034 2285 Troianorum
1072 2243 1255 2278 exercitum
1292 2253 1334 2278 ex
1373 2243 1456 2278 urbe
1495 2243 1528 2277 in
1569 2253 1727 2287 campum

552 2298 752 2332 evadentem
777 2297 886 2332 fusius
911 2297 1067 2332 describit
1091 2299 1231 2341 pulchra
1259 2297 1513 2341 comparatione
1541 2298 1730 2341 praemissa

551 2362 582 2386 v.
613 2355 673 2386 124
697 2361 768 2396 sqq.
817 2352 903 2386 Dicit
930 2355 986 2386 141
1016 2361 1104 2396 sqq:

626 2425 647 2460 ¹)
667 2424 707 2453 Cf.
732 2425 815 2453 etiam
840 2424 849 2452 l
874 2425 927 2452 352
947 2432 1004 2460 sqq.
1026 2439 1059 2444 —
1081 2424 1152 2452 lnira
1178 2425 1304 2459 probabo
1331 2424 1535 2459 Bacchylidem.
1562 2432 1728 2460 quamquam

551 2461 612 2489 sine
631 2462 715 2489 dubio
735 2461 808 2488 hunc
827 2461 917 2488 locum
938 2461 1115 2488 Homericum
1142 2462 1254 2488 secutus
1281 2461 1323 2492 sit.
1351 2462 1442 2488 tamen
1470 2469 1536 2488 suas
1557 2462 1728 2489 elocutiones

551 2505 607 2526 non
627 2505 661 2525 ex
681 2497 735 2526 hoe
754 2498 825 2530 loco,
845 2498 894 2525 sed
915 2505 949 2524 ex
969 2497 1028 2525 aliis
1048 2497 1117 2525 locis
1137 2497 1291 2526 Homericis
1311 2498 1524 2532 depromprisse.
