2226 3133
1136 596 1178 600 ,-
1203 579 1312 611 49--

764 665 855 709 ὅφρα
879 669 940 710 μὲν
963 668 996 705 ἐς
1019 666 1169 710 πόλεμον
1191 667 1382 700 πωλέσκετο
1409 668 1480 705 δῖος
1499 664 1667 709 Ἀχιλλεύς,

765 720 845 754 odd&
862 734 943 755 ποτε
973 724 1081 764 Τρῶες
1104 719 1168 763 πρὸ
1190 721 1330 754 πυλάων
1346 721 1567 763 Δαρδανιάων

765 776 940 818 οἴχνεσκον
954 785 962 792 ·
986 777 1100 808 κείνου
1117 773 1178 818 γὰρ
1196 776 1362 808 ἐδείδισαν
1385 773 1528 817 ὄβριμοι*
1553 775 1647 818 ἔγχος

765 831 826 863 νῦν
851 831 885 862 δὲ
911 827 988 868 ἑκὰς
1010 830 1128 867 πόλιος
1152 831 1267 871 κοίλῃς
1291 829 1345 862 ἐπὶ
1368 831 1464 872 νηυσὶ
1479 827 1654 872 μάχονται.

703 899 765 933 Hic
790 902 883 934 locus
908 899 981 934 sine
1006 899 1108 933 dubio
1136 899 1326 942 Bacchylidi
1345 901 1422 933 ante
1440 902 1557 933 oculos
1574 902 1728 934 versatus
1750 902 1809 933 est.

634 954 743 996 Atque
767 953 794 987 si
820 963 898 986 eum
925 962 1000 987 cum
1027 954 1100 987 loco
1127 953 1350 996 Baccliylideo
1380 962 1630 996 comparamus,
1663 953 1810 996 Bacchy-

635 1006 734 1040 lidem
762 1016 804 1041 ne
830 1017 932 1041 unam
959 1007 1094 1051 quidem
1121 1017 1239 1041 vocem
1266 1017 1306 1041 ex
1335 1007 1515 1042 Homerico
1548 1008 1620 1041 loco
1654 1007 1810 1050 deprom-

634 1061 742 1104 psisse
766 1061 922 1095 videmus
947 1063 1046 1105 atque
1072 1059 1160 1095 Ceus
1186 1064 1284 1104 poeta
1309 1063 1412 1096 totam
1446 1061 1674 1095 narrationem
1705 1071 1746 1095 ex
1772 1070 1810 1095 se

632 1115 795 1159 genuisse
820 1115 958 1149 videtur.
997 1117 1038 1150 At
1063 1116 1213 1159 perspice
1239 1117 1372 1154 attente,
1399 1116 1551 1150 invenies
1570 1115 1807 1158 Bacchylidem

633 1169 742 1212 ipsum
770 1169 850 1203 nihil
876 1169 1038 1207 effecisse,
1065 1171 1124 1204 sed
1149 1170 1265 1204 omnia
1290 1179 1331 1204 ex
1351 1169 1489 1204 Homeri
1515 1170 1722 1204 carminibus
1747 1169 1808 1203 flu-

632 1223 733 1258 xisse.
768 1223 856 1258 Nam
882 1233 1120 1267 comparemus
1139 1228 1168 1258 ‹l›
1185 1228 1203 1258 3
1229 1234 1315 1268 sqq.:

1007 1316 1012 1322 .
1033 1315 1040 1322 .
1060 1315 1066 1321 .
1084 1287 1164 1328 τοὺς
1186 1290 1247 1332 μὲν
1269 1290 1455 1322 πεδίονδε
1481 1290 1603 1322 dimne-v

735 1341 821 1385 πρὸς
844 1341 954 1385 πόλιν,
982 1339 1000 1385 ᾗ
1020 1356 1081 1386 περ
1101 1341 1226 1386 Ἀχαιοὶ
1251 1341 1488 1386 ἀτυζόμενοι.
1524 1345 1692 1384 ([οβεόντο

737 1395 836 1441 ἤματι
862 1400 910 1440 τῷ
933 1399 1098 1441 προτέρῳ,
1124 1393 1189 1431 ὅτε
1220 1399 1384 1440 μαίνετο
1410 1398 1568 1440 φαίδιμος
1586 1393 1730 1439 (Ἑκτωρ.

698 1459 801 1494 Porro
826 1462 904 1493 ante
934 1462 1051 1494 oculos
1080 1469 1250 1502 ponamus
1279 1459 1358 1492 illud
1385 1458 1524 1493 Homeri
1552 1461 1678 1492 Y427:
1711 1457 1808 1502 εῗλλή-

629 1519 709 1554 λους
743 1513 994 1558 πτώσσοιμεν
1029 1512 1093 1548 α’νά
1119 1540 1125 1546 .
1150 1541 1155 1546 .
1180 1540 1186 1546 .
1214 1516 1246 1546 et
1279 1516 1312 1547 X
1340 1516 1399 1546 188
1429 1509 1572 1555 “Enopa
1609 1511 1806 1556 δἰὶσπερχὲς

627 1570 802 1602 κλονέων
826 1567 920 1610 ἔφεπ’
946 1566 1036 1607 ω’κὸς
1061 1566 1233 1611 Ἀχιλλεύς,
1259 1566 1414 1600 videmus
1432 1576 1452 1600 a
1469 1566 1671 1609 Bacchylide
1687 1565 1804 1609 singu-

629 1625 679 1656 las
703 1622 912 1656 elocutiones
936 1631 978 1655 ex
1003 1621 1143 1655 Homeri
1173 1621 1380 1655 carminibus
1409 1623 1534 1654 electas
1560 1620 1591 1654 in
1619 1630 1722 1654 unam
1749 1621 1804 1654 de—

627 1676 845 1719 scriptionem
871 1676 1032 1710 contusas
1057 1685 1141 1710 esse.
1191 1676 1262 1709 Has
1294 1679 1406 1709 autem
1437 1675 1577 1709 consilio
1603 1684 1670 1708 non
1697 1683 1739 1708 ex
1763 1683 1804 1708 eo

628 1732 711 1768 loco,
737 1730 790 1764 cui
816 1739 886 1764 rem
913 1732 1082 1763 narratam
1110 1730 1216 1767 debet,
1249 1731 1309 1763 sed
1340 1739 1381 1763 ex
1414 1729 1487 1763 aliis
1519 1729 1736 1772 deprompsit.
1770 1731 1805 1762 ut

626 1785 801 1818 simularet
825 1793 862 1818 se
888 1784 998 1826 ipsum
1025 1784 1232 1818 elocutiones
1256 1783 1407 1821 finxisse,
1433 1784 1522 1826 quod
1551 1783 1592 1823 ad
1611 1785 1730 1825 poetae
1756 1782 1803 1816 in-

625 1838 766 1882 genium
794 1840 881 1872 recte
906 1838 1155 1872 aestimandum
1182 1847 1250 1871 non
1276 1837 1368 1880 parvi
1395 1837 1557 1871 momenti
1581 1840 1641 1871 est.

693 1902 884 1944 Antequam
903 1903 1015 1935 autem
1035 1902 1076 1935 ad
1092 1900 1302 1944 Baccliylidis
1320 1900 1590 1934 aestimationem
1609 1900 1803 1944 aggrediar.

625 1954 725 1989 etiam
753 1955 887 1989 Pindari
913 1964 1107 1989 sermonem
1133 1957 1290 1998 exemplo
1315 1955 1416 1988 allato
1434 1954 1577 1988 breviter
1598 1957 1802 1997 spectemus.

625 2008 707 2044 Sine
732 2009 834 2043 dubio
859 2018 996 2043 carmen
1022 2009 1073 2043 Pl
1101 2009 1234 2043 Pindari
1261 2008 1389 2052 ingenii
1423 2011 1522 2052 atque
1547 2012 1689 2042 naturae
1713 2007 1802 2043 testi-

625 2063 778 2098 monium
805 2065 855 2098 est
879 2063 1054 2106 optimum.
1113 2063 1225 2107 ltaque
1256 2072 1334 2097 eum
1362 2064 1484 2096 locum.
1507 2061 1702 2102 afferamus,
1735 2071 1802 2107 quo

625 2118 792 2152 Pindarus
817 2118 966 2152 tabulam
985 2117 1160 2162 Typhonis
1176 2118 1239 2152 sub
1257 2119 1366 2152 Aetna
1384 2119 1498 2152 monte
1516 2117 1655 2152 iacentis
1677 2119 1800 2152 narrat.

623 2172 715 2207 V.l5
740 2181 812 2216 sqq.
838 2172 1002 2216 legimus:
1029 2199 1035 2206 .
1062 2199 1068 2206 .
1096 2199 1102 2206 .

753 2233 790 2275 ὅς
814 2236 882 2270 τ’ὲν
905 2237 984 2281 αἰνᾷ
1012 2234 1171 2279 Ταρτάρῳ
1195 2243 1312 2278 κεῖται,
1338 2238 1431 2269 θεῶν
1453 2237 1623 2279 πολέμιος,

757 2288 877 2332 Τυφὼς
901 2289 1234 2333 ἑκατοντακάρανος·
1259 2288 1320 2323 τόν
1343 2302 1425 2324 ποτε

753 2346 908 2378 Κιλίκιον
932 2345 1059 2387 θρέψεν
1082 2343 1310 2387 πολυώνυμον
1334 2341 1481 2387 ἄντρον·
1507 2346 1569 2377 νῦν
1591 2357 1626 2388 γε
1649 2342 1717 2387 μάν

751 2400 807 2432 ταί
830 2397 864 2432 θ’
889 2396 972 2441 ὑπὲρ
998 2397 1112 2441 Κύμας
1137 2395 1302 2442 ἁλιερκέες
1324 2396 1428 2442 ὄχθαι

751 2454 891 2486 Σικελία
915 2450 1053 2486 τάὐτοῦ
1075 2454 1179 2494 πιέζει

752 2507 871 2549 στέρνα
896 2504 1102 2549 λαχνάεντα·
1127 2508 1212 2539 κίων
1235 2504 1409 2549 δὀύρανία
1434 2507 1572 2549 συνέχει,
