2303 3141
1105 601 1282 633 —29-

672 697 793 730 Adhuc
818 697 960 731 disserui
987 697 1029 731 de
1053 696 1102 731 eis
1126 696 1290 740 epithetis,
1317 706 1461 741 quorum
1494 707 1572 740 pars
1604 698 1694 740 prior
1724 698 1785 732 fuit

605 751 854 785 substantivum
887 751 938 785 vel
971 750 1172 792 adiectivum
1205 753 1256 785 vel
1290 751 1499 785 adverbium.
1554 751 1653 786 Nunc
1681 752 1784 786 verba

605 805 761 840 facienda
785 808 864 840 sunt
889 806 930 839 de
955 805 1004 844 iis,
1030 815 1174 850 quorum
1201 815 1279 849 pars
1304 806 1394 848 prior
1417 808 1467 840 est
1489 806 1639 840 verbum.
1687 806 1783 841 Talia

604 860 694 894 enim
720 869 788 894 non
814 860 930 903 paucis
961 860 1042 894 loeis
1068 860 1300 903 Bacchylideis
1334 860 1560 894 inveniuntur.
1609 861 1708 904 Quae
1740 862 1782 895 ad

603 914 783 948 formanda
815 917 871 948 aut
903 923 1064 957 praesens
1096 916 1153 948 aut
1184 914 1330 948 aoristus
1363 914 1550 953 adhibetur.
1583 925 1635 949 ex.
1661 925 1711 959 gr.
1749 915 1782 949 in

603 977 686 1002 voce
703 967 902 1012 ctaegchaeguog
919 977 1090 1011 praesens,
1109 968 1141 1002 in
1155 977 1239 1002 voce
1256 970 1368 1002 autem
1388 968 1620 1014 ω’λεσίκαρπος
1637 970 1782 1004 aoristus

603 1022 772 1056 invenitur
782 1024 817 1066 ¹).
856 1024 954 1066 Apud
974 1022 1160 1057 Homerum
1179 1022 1258 1057 talia
1276 1023 1462 1066 composita
1481 1023 1594 1058 minus
1611 1023 1782 1068 iequentia

602 1080 690 1115 suni,
715 1077 860 1120 exempli
877 1077 987 1121 gratia
1005 1076 1126 1111 affero:
1171 1076 1370 1122 α’λεέάνεμος
1393 1083 1432 1120 (ξ
1448 1079 1541 1120 529),
1566 1078 1782 1123 ταλαπενθής

600 1132 725 1175 (ε222),
739 1134 984 1176 φαεσίμβροτος
994 1132 1027 1173 (κ
1043 1133 1127 1175 138),
1141 1130 1340 1177 ἠλιτόμηιός
1350 1133 1394 1173 (T
1407 1136 1415 1165 1
1429 1133 1494 1175 18),
1506 1135 1702 1177 πλησίστιος
1712 1134 1782 1175 (λἹ)

602 1185 676 1220 alia.
708 1185 856 1220 Fuerunt
870 1187 982 1219 autern
997 1194 1105 1228 pauca
1117 1195 1204 1229 quae
1216 1185 1307 1219 attuli
1322 1185 1514 1230 Bacchylidi
1526 1188 1631 1220 multa
1643 1186 1780 1220 novanti

601 1242 767 1283 exempla.
817 1239 905 1273 Nam
931 1240 1119 1274 secundum
1145 1249 1263 1274 vocem
1288 1239 1504 1274 Homericam
1532 1243 1781 1285 φαεσίμβροτος

602 1293 822 1337 Bacchylides
854 1303 981 1328 novum
1013 1294 1184 1337 epitheton
1218 1297 1462 1339 θελξίμβροτος
1495 1294 1613 1329 effecit.
1671 1296 1779 1340 Atque
1834 1332 1838 1339 ,

600 1348 714 1382 videre
739 1357 922 1391 possumus
948 1348 1086 1391 lyricum
1113 1349 1247 1391 poetam
1274 1358 1341 1383 non
1367 1351 1476 1383 solum
1505 1349 1669 1383 rationem
1688 1359 1778 1384 com-

600 1402 746 1445 ponendi
781 1412 823 1436 ex
857 1402 1008 1436 Homero
1043 1402 1305 1446 deprompsisse,
1341 1403 1401 1437 sed
1435 1403 1535 1437 etiam
1569 1403 1667 1438 certis
1697 1403 1779 1438 locis

600 1456 790 1491 Homericis
815 1457 856 1490 ad
881 1463 983 1490 voces
1007 1456 1207 1491 formandas
1232 1459 1441 1491 commotum
1457 1466 1542 1492 esse.
1592 1457 1680 1492 Nam
1705 1457 1779 1492 sine

599 1511 702 1545 dubio
727 1511 811 1545 haee
836 1511 981 1554 epitheta
1006 1511 1231 1555 Bacchylidea
1262 1513 1371 1546 certos
1401 1514 1494 1547 locos
1518 1511 1720 1547 Homericos
1744 1512 1778 1546 in

599 1565 800 1599 memoriam
827 1567 999 1599 revocant:

705 1632 766 1666 XV
788 1636 825 1669 19
848 1631 1040 1677 ὅρσίαλος
1063 1633 1247 1668 Ποσειδάνῖ
1273 1648 1286 1668 ε
1305 1636 1370 1668 3ὁὸ
1395 1630 1496 1678 ὦρσε
1521 1634 1615 1669 δ’ἐπὶ
1638 1636 1720 1679 μέγα

1024 1691 1126 1731 κῦμα
1154 1689 1464 1722 Ποσειδάων...

704 1740 778 1774 XIV
796 1744 814 1774 3
840 1741 1056 1785 ὁρσίμαχος
1079 1740 1216 1786 Άθήνηῑ
1241 1745 1267 1775 Δ
1285 1744 1350 1777 439
1375 1738 1475 1785 ὦρσε
1500 1744 1535 1776 δὲ
1559 1740 1640 1781 τοὺς
1662 1744 1724 1786 μὲν

1021 1793 1125 1839 Ἄρης,
1150 1794 1230 1835 τούς
1255 1798 1290 1830 δὲ
1314 1799 1507 1839 γλαυκῶπις
1530 1794 1668 1840 Ἀθήνη

863 1847 922 1882 etl
941 1851 1004 1882 353
1029 1847 1091 1883 οὖκ
1115 1850 1269 1883 ἐθέλεσκε
1292 1849 1473 1894 μάχην..
1492 1874 1499 1881 .
1516 1848 1765 1893 ὀρνύμεν...

703 1901 778 1935 XIV
794 1905 838 1936 48
862 1903 1088 1945 θελξιεπήςῑ
1114 1917 1132 1946 y
1155 1905 1218 1937 264
1242 1902 1339 1937 πολλ’
1367 1902 1627 1948 Ἀγαμεμνονέην
1650 1902 1776 1948 ἄλοχον

764 1964 768 1965 ’
1023 1956 1201 2001 θέλγεσκ’
1226 1958 1356 1991 ἑπέεσι

863 2011 894 2043 et
919 2020 938 2044 6
956 2012 1018 2043 282
1043 2012 1159 2054 θέλγε
1185 2013 1220 2044 δὲ
1245 2009 1356 2054 θυμὸν
1378 2014 1553 2055 μειλιχίοις
1577 2012 1760 2045 ἐπέεσσιν

701 2063 757 2097 XII
776 2066 840 2097 230
863 2065 1078 2108 τερψιεπής
1101 2062 1229 2099 ἰιοιόαίῖ
1255 2069 1280 2099 θ
1296 2067 1339 2099 90
1356 2073 1404 2108 sq.
1429 2063 1536 2108 αὐτὰρ
1561 2061 1610 2099 ὅτ’
1635 2063 1684 2108 ἂψ

1023 2117 1160 2162 ἄρχοιτο
1185 2121 1238 2152 καὶ
1264 2117 1445 2162 ὀτρύνειαν
1469 2117 1593 2153 ἀείδειν
1610 2143 1617 2151 .
1636 2143 1643 2151 .
1662 2143 1669 2151 .
1687 2120 1758 2154 ἐπεὶ

1022 2172 1207 2216 τέρποντ’
1233 2174 1389 2207 ἐπέεσσι

700 2225 755 2259 XII
773 2228 816 2259 50
840 2227 1164 2270 δαμασίμθροτος
1186 2227 1323 2270 χαλκός;
1347 2229 1456 2261 Π561
1487 2229 1720 2271 δαμασαίμεθα

1022 2282 1115 2325 νηλέϊ
1136 2284 1252 2325 χαλκῷ

698 2333 773 2368 XVI
795 2338 855 2368 118
880 2334 1121 2379 φρενοάραςῑ
1147 2337 1167 2370 ὁ
1184 2339 1246 2369 777
1272 2333 1290 2370 ὁ
1309 2339 1472 2370 -πᾶσιν
1495 2337 1545 2370 ἐνὶ
1569 2338 1690 2380 φρεσὶν

1021 2387 1144 2433 ἤραρεν
1168 2387 1256 2434 ἡμῖν.

699 2441 767 2476 VIII
785 2445 804 2476 6
825 2444 1111 2487 μηλοδαί”κτας;
1129 2446 1156 2477 Α
1171 2446 1235 2478 497
1250 2445 1376 2486 δαΐζων
1389 2444 1512 2483 ἱὶππους
1528 2457 1563 2478 τε
1576 2446 1633 2478 καὶ
1649 2443 1770 2489 ἀνέρας

665 2546 686 2580 ¹)
705 2546 746 2574 De
766 2546 819 2574 hac
840 2554 868 2574 re
887 2554 913 2574 v.
934 2545 1148 2580 Ksihner-Blass.
1167 2547 1271 2583 griech.
1292 2546 1414 2575 Gramm.
1435 2547 1494 2580 111,
1514 2550 1566 2576 333
1585 2555 1626 2584 sq.
