2303 3141
1012 541 1188 572 -12-

507 644 629 670 nosces
671 635 859 671 Homerum
900 637 1010 681 ipsum
1050 638 1317 673 vetustissimam
1361 639 1498 674 fabulae
1537 639 1683 675 formam

507 689 647 725 minime
678 691 849 734 praebere.
906 692 993 726 Nam
1023 693 1097 727 sine
1129 694 1232 729 dubio
1263 694 1388 733 fabula.
1420 704 1522 739 quam
1555 696 1589 730 in
1615 696 1683 731 Ho-

504 753 599 778 mero
623 744 826 784 invenimus.
852 746 992 781 Achillis
1013 747 1202 782 condicioni
1221 749 1442 783 accomodata
1460 751 1518 783 est.
1562 750 1683 785 Narrat

503 798 594 832 enim
622 798 774 834 Phoenix
794 800 961 845 Meleagri
986 801 1171 841 historiam,
1197 803 1232 836 ut
1257 803 1321 837 hoc
1345 806 1502 847 exemplo
1528 804 1680 839 animum

501 852 642 888 Achillis
666 853 812 898 frangat.
861 855 973 900 ltaque
1002 855 1249 899 ineptissimum
1275 856 1393 892 fuisset
1417 858 1528 893 dicere
1553 859 1679 893 Melea-

500 916 602 952 grum
627 907 660 942 in
686 908 741 942 illa
765 918 882 953 pugna
906 919 924 943 e
942 910 1008 944 vita
1026 911 1224 946 decessisse.
1261 912 1409 946 Achilles
1433 913 1535 953 enim,
1565 914 1592 948 si
1618 914 1679 957 ipsi

502 961 715 996 moriendum
746 966 998 1006 proponeretur,
1029 966 1070 998 ad
1101 967 1326 1009 pugnandum
1359 967 1500 1001 minime
1529 977 1679 1003 commo-

501 1016 569 1050 veri
603 1016 775 1060 potuisset.
835 1017 913 1062 Qua
947 1019 988 1052 de
1024 1028 1127 1054 causa
1152 1020 1366 1065 Meleagrum
1397 1023 1568 1056 mortuum
1601 1032 1678 1057 esse

501 1070 672 1105 Homerus
697 1081 834 1106 narrare
859 1082 926 1106 non
953 1074 1100 1117 potest.¹)

566 1124 644 1168 Qua
679 1135 721 1160 ex
758 1135 793 1160 re
829 1129 967 1170 apparet
1005 1127 1193 1162 Homerum
1233 1129 1499 1164 vetustissimam
1542 1130 1677 1164 fabulae

497 1179 642 1213 formam
677 1189 746 1214 non
781 1181 952 1224 praebere,
978 1181 1081 1216 alium
1107 1183 1209 1226 igitur
1233 1183 1360 1218 fontem
1386 1184 1519 1227 epicum
1545 1186 1677 1227 praeter

497 1233 686 1268 Homerum
715 1234 830 1275 fuisse,
876 1236 931 1279 qui
960 1236 1110 1270 fabulam
1142 1237 1374 1282 Meleagream
1405 1239 1499 1272 aliter
1529 1239 1673 1273 tradidit.

497 1286 704 1331 Quaerimus
747 1289 870 1330 statim,
914 1290 1022 1334 qualis
1063 1291 1117 1325 hic
1161 1291 1236 1326 lons
1278 1291 1386 1326 fuerit.
1457 1292 1546 1326 Nam
1584 1294 1672 1336 apud

496 1341 733 1386 Bacchylidem
769 1343 944 1388 Meleager
983 1346 1080 1388 culpa
1120 1345 1237 1380 matris
1273 1345 1364 1380 illam
1405 1348 1540 1381 taedam
1581 1357 1672 1382 com-

495 1395 646 1431 burentis
671 1397 819 1432 moritur.
876 1398 1096 1443 Pausanias2)
1129 1401 1242 1435 autem
1273 1401 1408 1436 tradidit
1441 1401 1668 1446 Phrynichum

495 1452 629 1495 poetam
655 1451 801 1495 primum
820 1452 951 1498 lignum
969 1453 1070 1488 fatale
1088 1454 1120 1488 in
1140 1455 1352 1499 tragoediam
1379 1455 1564 1491 induxisse.
1612 1458 1668 1492 At-

493 1515 558 1550 que
602 1505 725 1551 Plew³)
767 1507 897 1551 lignum
931 1508 972 1542 ab
1014 1509 1077 1543 hoc
1113 1511 1211 1552 poeta
1248 1510 1280 1543 in
1317 1510 1481 1555 Meleagri
1518 1511 1667 1546 fabulam

493 1569 569 1594 esse
595 1561 756 1595 insertum
775 1565 898 1596 censet.
935 1562 1002 1598 Sed
1029 1566 1145 1606 putare
1171 1574 1238 1599 non
1257 1574 1396 1608 possum
1418 1568 1555 1601 saeculo
1573 1567 1668 1610 quin-

491 1616 525 1648 to
557 1617 608 1649 vel
635 1617 731 1650 sexto
755 1618 856 1651 talem
883 1617 1033 1652 fabulam
1058 1620 1232 1662 tantopere
1257 1622 1421 1654 mutatam
1447 1630 1532 1658 esse.
1560 1621 1666 1656 immo

492 1669 573 1703 mihi
607 1670 759 1712 persuasi
794 1672 917 1706 torrem
943 1672 1135 1716 symbolum
1169 1683 1246 1709 esse
1271 1676 1302 1708 et
1327 1684 1366 1709 ea
1391 1684 1495 1709 causa
1521 1676 1664 1720 dignum

491 1723 546 1766 qui
572 1724 827 1768 antiquissimae
854 1726 958 1769 mythi
982 1727 1112 1761 formae
1137 1728 1338 1772 tribuatur.⁴)

557 1787 670 1831 ltaque
702 1787 733 1822 id
766 1797 902 1822 carmen
935 1789 1077 1832 epicum.
1114 1790 1146 1824 in
1178 1800 1244 1834 quo
1276 1791 1411 1825 tabulae
1447 1792 1665 1836 Meleagreae

487 1840 598 1874 forma
622 1842 773 1885 genuina
796 1842 911 1881 inerat.
938 1843 1004 1877 iam
1031 1844 1281 1893 illam‘taedam
1308 1845 1442 1879 fatalem
1469 1847 1666 1889 praebuisse

488 1898 578 1939 puto.
653 1897 762 1940 Atque
799 1897 879 1931 nihil
921 1898 1040 1937 obstat,
1077 1900 1260 1943 quominus
1302 1900 1521 1943 Bacchylides
1565 1903 1665 1945 atque

489 1949 702 1992 Phrynichus
726 1960 767 1984 ex
793 1952 914 1986 eodem
933 1952 1082 1987 carmine
1107 1954 1289 1987 hauserint.
1326 1953 1418 1989 Sane
1444 1955 1498 1988 alii
1517 1956 1662 1993 tradunt.

487 2003 699 2047 Meleagrum
739 2004 780 2038 ab
814 2005 968 2048 Apolline
1005 2009 1161 2040 necatum
1203 2010 1318 2051 esse.⁴'¹)
1371 2008 1444 2042 Hoc
1476 2012 1588 2042 autem
1631 2010 1662 2043 in

561 2095 580 2128 ¹)
601 2094 634 2122 cf.
662 2094 772 2125 Robert.
803 2095 896 2123 Herm.
923 2099 965 2127 33,
996 2099 1052 2123 157.
1080 2097 1167 2124 Aliter
1192 2097 1314 2125 iudicant
1340 2098 1491 2126 Pausanias
1518 2099 1563 2134 qui
1595 2107 1662 2127 sane

487 2132 678 2165 argumentum
706 2131 819 2159 Homeri
846 2131 916 2160 falso
945 2133 1032 2160 reddit
1058 2133 1082 2160 Χ
1101 2135 1144 2164 31,
1171 2136 1195 2165 3.
1223 2133 1251 2167 ἐς
1280 2134 1310 2162 δὲ
1336 2133 1387 2162 τοῦ
1415 2134 1584 2171 Μελεάγρου
1612 2135 1663 2171 τὴν

485 2166 622 2206 ῑε-λευτὴν
647 2166 770 2203 “Ομῆρῳ
803 2167 962 2202 μέν·ἐστιν
991 2169 1134 2205 εἰρημένα,
1166 2169 1206 2203 ὡς
1227 2167 1346 2204 Ἐρινὺς
1376 2170 1512 2205 καταρῶν
1541 2169 1660 2200 ἀκοῦσαι

484 2201 702 2236 τωνίυέὶαιάς
728 2206 775 2231 καὶ
804 2202 946 2233 ἕετοθὰνοι
974 2204 1048 2232 κατὰ
1071 2205 1178 2242 ταὺτι]ν
1204 2205 1220 2234 ‹¹›
1249 2207 1415 2243 Μελέαγρος
1442 2206 1493 2242 τὴν
1516 2208 1612 2235 αἰτίαν
1636 2211 1662 2236 et

484 2238 608 2266 Kuhnert
628 2239 726 2267 Rosch.
748 2240 813 2268 Lex.
834 2242 883 2268 der
901 2241 1004 2276 griech.
1025 2242 1080 2268 und
1102 2244 1168 2270 rom.
1189 2243 1274 2277 Myth.
1297 2243 1318 2270 11
1339 2246 1354 2270 2
1375 2251 1399 2278 p.
1420 2246 1489 2272 2592
1511 2251 1550 2278 sq.

557 2284 567 2300 ⁹
596 2283 619 2311 Χ
638 2287 680 2317 ³1.
701 2288 725 2312 4.

556 2286 576 2363 ’ζ
595 2329 705 2363 Preller,
725 2329 835 2358 Griech.
856 2331 970 2366 Mythol.
990 2332 1026 2363 2³.
1047 2335 1107 2359 305.

554 2375 574 2408 ⁴)
595 2374 627 2402 cf.
648 2375 729 2402 etiam
758 2375 927 2407 Feuerbach,
954 2376 1179 2411 Nachgelassene
1204 2377 1340 2406 Schriften
1367 2380 1392 2410 4,
1419 2382 1450 2409 7:
1483 2379 1595 2411 Kekule.
1625 2380 1660 2407 de

481 2409 751 2482 {abglassvgglesaqgrea
771 2419 795 2446 p.
817 2415 848 2445 7:
886 2412 1017 2445 Kuhnert,
1041 2413 1140 2441 Rosch.
1161 2413 1226 2442 Lex.
1247 2415 1296 2442 der
1314 2415 1417 2450 griech.
1438 2424 1463 2442 u.
1485 2417 1551 2442 r6m.
1572 2416 1658 2451 Myth.

554 2492 573 2526 ³)
593 2492 673 2520 Paus.
694 2493 717 2520 Χ
737 2496 778 2526 31.
799 2496 823 2521 3.
