2226 3133
1119 517 1225 547 —37
1252 533 1294 537 .-..

618 615 734 648 rantur
758 616 868 647 autem
896 623 971 647 cum
999 613 1119 650 nautis,
1145 612 1200 655 qui
1227 615 1404 654 postquam
1423 610 1512 644 venti
1531 609 1662 644 adversi
1687 609 1793 643 desie-

619 670 703 705 runt,
723 678 850 712 magna
869 668 991 701 laetitia
1009 667 1084 700 elati
1104 667 1136 699 in
1155 672 1277 699 terram
1297 665 1476 708 navigant:
1504 663 1554 698 Cf.
1573 673 1602 697 v.
1627 667 1685 697 124
1711 672 1793 706 sqq:

832 719 910 756 ὥστ’
936 723 972 756 ἐν
995 723 1182 755 κυανανθέϊ
1206 721 1320 762 &stiam
1344 719 1531 761 ναυβάτας]

830 778 944 819 πόιτᾳ)
970 777 1097 819 Βορέας
1123 773 1184 808 ὑπὸ
1212 773 1267 808 κύ-

936 840 1037 872 μασιν
1062 830 1176 870 δαΐζει,

831 882 952 921 νυκτὸς
976 881 1120 921 ἀντάσας
1144 880 1452 924 ὰιἀτε[λλομέιάς]

938 939 1036 980 λῆξεν
1061 938 1094 969 δὲ
1121 935 1183 970 σὺν
1208 945 1333 978 φαυσιμ
1358 933 1490 977 [βρότῳ

831 989 905 1032 Ἀοϊ,
932 989 1089 1033 στόρεσεν
1113 992 1150 1023 δέ
1173 1003 1207 1023 τε
1231 988 1378 1023 πόντον·

831 1043 928 1089 οὐρίᾳ
954 1046 1055 1078 νότου
1079 1045 1113 1077 δὲ
1139 1043 1341 1085 κόλπῘωσαν
1364 1043 1473 1088 πνοᾷ]

832 1099 940 1132 ἱστίον
964 1097 1140 1141 ἁρπαλέως
1165 1096 1234 1131 2³13}-

937 1156 1061 1186 ελπτον
1085 1153 1234 1193 ἐξίκοντο
1262 1153 1383 1194 χέρσον

832 1205 878 1245 ὥς
906 1210 1023 1249 Τρῶες,
1049 1207 1089 1239 ἐπ
1113 1206 1159 1247 [εὶ
1179 1230 1184 1236 .
1205 1230 1210 1236 .
1231 1230 1237 1236 .
1256 1214 1283 1237 e.
1302 1214 1331 1246 q.
1350 1213 1376 1236 S.

685 1259 776 1292 Haec
809 1269 942 1302 quoque
976 1260 1090 1301 imago
1123 1258 1296 1301 aptissima
1331 1259 1389 1295 est,
1425 1256 1550 1298 optime
1585 1255 1792 1291 describitur.

618 1315 742 1346 nautae
767 1317 893 1356 quanto
919 1313 950 1345 in
978 1315 1068 1346 metu
1094 1310 1349 1354 tempestatibus
1375 1309 1594 1344 trementibus
1617 1312 1794 1342 versentur

603 1369 647 1400 -et
672 1377 772 1409 quain
801 1367 875 1400 laeti
902 1370 975 1408 post
1000 1367 1218 1408 tempestates
1242 1365 1317 1398 sint.
1368 1363 1466 1397 Nunc
1491 1362 1696 1406 quaerimus.
1727 1372 1792 1404 qua

618 1420 746 1453 ratione
772 1421 835 1453 hae
868 1420 1036 1462 imagines
1067 1429 1143 1452 cum
1169 1419 1244 1452 stilo
1272 1417 1452 1451 Homerico
1485 1417 1685 1457 conjunctae
1716 1416 1791 1449 sint.

684 1476 793 1517 Atque
810 1474 917 1516 primo
936 1476 1008 1507 loco
1026 1473 1171 1507 formam
1192 1472 1380 1516 imaginum
1399 1474 1600 1514 spectemus.
1639 1469 1792 1503 Vidimus

619 1527 853 1570 Bacchylidem
880 1527 1024 1571 singulis
1051 1528 1150 1560 rebus
1175 1526 1336 1570 imaginis
1368 1525 1504 1568 depictis
1538 1533 1678 1567 pergere
1710 1532 1792 1556 voce

617 1580 663 1621 (ὃ,-
687 1601 693 1606 -
719 1601 724 1606 ·
750 1600 756 1606 ·
775 1609 781 1615 .
829 1581 877 1615 Eo
899 1582 1000 1615 modo
1018 1583 1130 1615 autem
1149 1589 1284 1622 semper
1300 1578 1572 1622 comparationes
1591 1577 1792 1611 Homericae

616 1635 781 1669 formatae
806 1639 892 1669 sunt.
943 1635 1029 1668 Nam
1055 1644 1107 1668 ex.
1126 1644 1176 1677 gr.
1203 1637 1278 1677 lege
1299 1633 1407 1666 leonis
1432 1632 1617 1675 imaginem
1643 1631 1675 1664 in
1701 1641 1731 1673 p.
1751 1634 1791 1664 35

616 1691 764 1727 allatam,
795 1689 849 1722 ubi
876 1689 982 1722 leonis
1007 1688 1259 1731 comparatione
1285 1688 1423 1730 pulchra
1456 1687 1589 1719 narrata
1621 1685 1791 1718 invenies:

884 1741 930 1782 ὥς
955 1742 1018 1787 ἄρα
1043 1751 1115 1782 τοῖς
1139 1744 1235 1781 ου”τις
1261 1741 1384 1776 δύνατο
1403 1759 1408 1765 ·
1426 1759 1432 1764 -
1450 1759 1477 1773 -.

618 1797 756 1835 Deinde,
783 1800 816 1831 ut
843 1798 908 1831 iam
935 1797 1013 1835 dixi,
1039 1797 1196 1840 singulae
1223 1805 1284 1833 res,
1310 1795 1482 1838 quomodo
1515 1793 1580 1827 alia
1613 1794 1713 1827 aliam
1740 1802 1791 1826 se-

615 1851 735 1894 quitur.
761 1851 930 1893 expressis
956 1850 1169 1893 pulchrisque
1194 1849 1304 1883 verbis
1334 1850 1512 1882 narrantur
1536 1851 1567 1881 et
1601 1847 1791 1890 depingun-

615 1908 677 1941 tur.
703 1906 791 1948 quod
820 1905 957 1938 Homeri
984 1904 1088 1946 ipsius
1114 1903 1285 1946 proprium
1312 1904 1411 1945 atque
1436 1902 1610 1945 singulare
1635 1904 1694 1934 est.
1736 1902 1791 1934 At-

615 1968 680 2002 que
705 1968 746 1993 ex
773 1960 845 1996 hoc.
871 1960 960 2002 quod
987 1958 1039 1992 hic
1064 1960 1161 2000 poeta
1184 1957 1299 1991 omnia
1318 1956 1432 1990 dilatat
1450 1961 1549 1999 atque
1567 1954 1792 1998 pulcherrime

616 2014 766 2050 exornat.
785 2013 944 2056 sequitur,
960 2014 993 2046 ut
1011 2012 1144 2055 aquilae
1161 2013 1192 2045 et
1211 2020 1277 2044 non
1297 2010 1410 2044 minus
1425 2009 1522 2043 navis
1535 2009 1791 2051 tempestatibus

615 2067 826 2101 conflictatae
845 2067 1013 2110 imagines
1031 2076 1195 2109 magnam
1214 2065 1373 2098 carminis
1390 2068 1518 2107 partem
1537 2066 1703 2106 expleant.
1735 2065 1790 2096 At-

615 2131 680 2164 que
696 2122 786 2164 quod
805 2121 931 2154 summi
950 2120 1111 2154 momenti
1130 2121 1189 2157 est.
1205 2119 1237 2153 in
1258 2120 1319 2152 hac
1338 2128 1372 2152 re
1391 2119 1462 2160 ipsa
1478 2118 1698 2160 Bacchylides
1713 2126 1788 2150 cum

617 2175 766 2209 Homero
784 2174 949 2208 consentit
968 2174 1153 2218 imaginem
1170 2183 1237 2207 non
1253 2182 1328 2206 esse
1342 2172 1600 2205 immiscendam
1616 2171 1790 2205 sententiis

615 2229 656 2263 ad
677 2238 745 2262 rem
764 2229 1030 2271 comparandam
1057 2227 1309 2270 pertinentibus.
1345 2226 1462 2270 Neque
1479 2226 1570 2260 enim
1590 2225 1621 2258 in
1639 2225 1790 2258 carmine

614 2282 741 2326 quinto,
767 2292 833 2326 quo
853 2282 954 2316 Hiero
980 2282 1199 2325 praedicatur,
1226 2291 1244 2314 a
1269 2290 1299 2314 v.
1324 2284 1360 2314 lo
1385 2289 1492 2323 usque
1517 2280 1558 2313 ad
1577 2289 1607 2313 v.
1626 2282 1668 2313 30
1687 2278 1790 2312 Hiero

615 2339 683 2371 ullo
708 2337 810 2370 verbo
835 2336 994 2380 tangitur,
1021 2345 1130 2379 neque
1148 2335 1180 2369 in
1198 2339 1266 2369 toto
1284 2336 1394 2377 epodo
1413 2337 1532 2377 quarto
1549 2333 1710 2367 carminis
1734 2332 1789 2366 ΧΗ

615 2390 751 2432 Troiani
792 2393 1111 2424 commemorantur.
1179 2388 1460 2432 Comparationes
1500 2388 1602 2432 igitur
1642 2387 1789 2430 Bacchy-

616 2445 701 2490 lides
732 2448 830 2488 plane
861 2444 958 2479 solvit
983 2454 1001 2478 e
1033 2443 1234 2478 narrationis
1266 2447 1433 2477 contextu.
1483 2442 1587 2477 Aliter
1612 2441 1788 2479 Pindarus.
