2303 3141
1099 540 1276 570 —27-

757 633 813 667 XII
831 638 867 667 71
898 633 1074 678 ὑψιάγυιαί
1100 639 1129 669 Β
1150 639 1204 668 141
1235 635 1415 680 &ford-svm

756 687 812 722 XII
830 693 873 722 44
897 687 1054 731 ὗψίνοοςί
1081 703 1100 723 ν
1116 692 1180 723 332
1205 689 1362 734 ἀγχίνοος

755 742 811 776 XH
829 745 892 776 222
919 743 1257 788 φοινικοκράὸεμιόςῖ
1282 749 1316 779 Σ
1331 748 1394 779 382
1420 746 1740 791 λιπαροκρήδεμνος.

663 795 736 830 Hos
760 796 888 830 indices
912 797 939 830 si
957 797 1188 840 perspicimus,
1215 798 1310 832 facile
1328 799 1557 843 intellegimus
1575 809 1644 834 non
1665 809 1774 844 pauca

595 849 742 892 epitheta
766 860 786 884 a
811 850 1013 893 Bacchylide
1029 854 1154 886 novata
1172 852 1431 887 Homericorum
1450 853 1556 888 instar
1572 863 1657 888 esse.
1685 854 1773 889 Nam

594 903 712 938 confer
736 904 820 939 inter
843 914 881 939 se
906 905 969 939 has
992 914 1094 940 voces
1120 906 1363 950 Bacchylideas
1387 907 1674 952 Homericasque:

862 960 1092 1004 γλυκύδωροςῑ
1117 959 1310 1005 ἠπιόδωρος

861 1015 1077 1059 δολιχαύχηνῑ
1103 1015 1333 1060 δολιχόόειρος

861 1067 1050 1112 cupedia-ag:
1075 1071 1263 1111 βαθυδίυας

861 1121 1056 1167 ἠπιόφρωνῖ
1082 1122 1290 1168 ἀγανόφρων

859 1176 1155 1222 κυανοπλόκαμοςῑ
1179 1187 1385 1222 κυανοχαῖτα

860 1233 1128 1276 λεπτόπρυμνοςῖ
1153 1231 1342 1277 εὖπρυμιός

858 1288 1123 1330 μεγαλόκολποςῐ
1148 1289 1367 1328 βαθύκολπος

860 1340 1199 1385 φοινικοκρὰδεμνοςῖ
1223 1343 1531 1387 λιπαροκρήδεμνος

858 1396 1103 1438 χαλκοκώδωυ;
1125 1397 1379 1440 χαλκεόφωνος.

657 1446 740 1482 Sine
764 1448 867 1482 dubio
892 1449 978 1483 inter
1000 1449 1138 1493 singula
1161 1450 1308 1493 epitheta
1333 1450 1414 1484 nihil
1442 1451 1587 1485 interest.
1625 1450 1703 1494 Qua
1728 1461 1770 1485 ex

591 1511 626 1536 re
650 1503 922 1537 concludendum
948 1507 999 1538 est
1015 1503 1264 1548 Bacchylidem,
1291 1514 1334 1539 ne
1351 1514 1391 1539 ea
1408 1505 1564 1548 epitheta,
1589 1515 1678 1549 quae
1702 1506 1769 1539 iam

591 1556 623 1590 in
649 1556 800 1591 Homero
823 1558 1021 1592 exstiterunt
1045 1560 1146 1602 atque
1168 1568 1210 1593 ea
1226 1568 1331 1593 causa
1347 1559 1507 1594 omnibus
1525 1562 1605 1602 nota
1621 1559 1768 1599 fuerunt,

590 1610 774 1650 adhiberet,
809 1612 989 1651 studuisse,
1026 1614 1061 1646 ut
1095 1622 1185 1647 nova
1219 1615 1320 1657 atque
1355 1623 1424 1648 non
1461 1613 1576 1647 audita
1611 1613 1768 1658 fingeret.

590 1663 691 1707 Quod
717 1666 759 1699 ad
785 1665 977 1700 faciendum
1003 1666 1150 1710 epitheta
1175 1667 1356 1701 Homerica
1381 1667 1532 1702 dissolvit
1557 1669 1657 1711 atque
1682 1667 1789 1710 alias,

590 1718 690 1752 aliam
726 1722 854 1762 partem
889 1729 1006 1754 rursus
1039 1730 1116 1755 cum
1151 1723 1255 1756 altera
1288 1731 1372 1756 voce
1405 1721 1548 1765 simplici
1583 1722 1768 1763 conjunxit.

589 1782 676 1816 quae
701 1773 790 1807 idem
816 1774 987 1818 significat
1011 1784 1051 1809 ac
1074 1785 1153 1818 pars
1177 1776 1269 1810 verbi
1291 1776 1453 1810 seiuncta.
1502 1776 1562 1810 Ex.
1579 1785 1630 1820 gr.
1648 1785 1767 1810 vocem

588 1836 794 1872 κυανοχαῖτα
819 1828 950 1862 discidit
975 1829 1008 1862 in
1033 1830 1120 1863 duas
1143 1832 1256 1872 partes
1279 1844 1402 1865 κιαι-ο·
1426 1832 1458 1864 et
1481 1839 1590 1874 χαῖτα,
1622 1840 1767 1874 quorum

589 1881 734 1924 priorem
755 1884 884 1925 partem
907 1892 984 1916 cum
1003 1892 1086 1917 voce
1101 1885 1275 1928 πλόκαμος
1295 1884 1385 1918 idem
1406 1884 1475 1918 tere
1492 1884 1708 1929 significante
1728 1893 1768 1918 ac

587 1944 685 1979 χαῖτα
710 1937 752 1970 ad
779 1946 884 1970 unum
911 1937 1081 1980 epitheton
1106 1940 1386 1982 κυανοπλόκαμος
1410 1938 1594 1980 conjunxit.
1632 1938 1767 1982 Quibus

588 1990 742 2033 epithetis
766 2001 973 2035 quamquam
991 2001 1104 2026 sermo
1122 1993 1286 2027 delicatus
1303 1995 1403 2036 atque
1420 1995 1563 2037 elegans
1579 1992 1626 2030 fit,
1651 1995 1767 2027 tamen

588 2047 662 2078 luce
693 2045 816 2079 clarius
846 2049 897 2080 est
927 2046 1164 2089 Bacchylidem
1197 2047 1336 2081 Homeri
1368 2047 1522 2091 vestigiis
1554 2047 1766 2082 insistentem

588 2099 672 2133 haec
695 2099 842 2143 epitheta
867 2100 1057 2134 novavisse.
1106 2100 1287 2135 Homerica
1312 2101 1458 2144 epitheta
1487 2101 1605 2136 audire
1635 2101 1693 2135 tibi
1718 2101 1766 2135 vi·

587 2153 686 2191 deris,
711 2153 739 2187 si
764 2162 854 2188 nova
878 2153 934 2188 illa
959 2153 1171 2198 Bacchylidis
1195 2155 1334 2189 auribus
1358 2155 1511 2198 percipis.

654 2206 753 2241 Nunc
777 2208 820 2242 ad
845 2208 936 2242 aliud
960 2217 1074 2252 genus
1097 2209 1322 2252 epithetorum
1352 2210 1587 2252 procedamus.
1636 2209 1765 2244 Inveni-

586 2270 664 2295 mus
687 2262 778 2296 enim
805 2261 1042 2305 Bacchylidem
1075 2272 1144 2297 non
1176 2272 1252 2297 raro
1283 2263 1446 2307 aliquam
1464 2264 1670 2298 locutionem
1696 2264 1765 2298 Ho-

586 2315 746 2350 mericam
772 2315 806 2350 in
831 2326 935 2350 unam
960 2325 1080 2350 vocem
1105 2319 1141 2351 ut
1163 2317 1208 2351 ita
1225 2317 1335 2351 dicam
1353 2318 1608 2361 compressisse.
1656 2317 1764 2352 Exsti-

584 2371 696 2403 terunt
720 2369 754 2403 in
779 2369 930 2404 Homero
954 2370 1113 2414 singulae
1136 2380 1239 2405 voces
1256 2371 1448 2405 attributive
1472 2374 1529 2406 aut
1551 2372 1617 2406 alia
1633 2372 1764 2406 coordi-

586 2423 724 2458 natione
762 2424 973 2465 conjunctae,
1013 2434 1100 2468 quas
1138 2425 1193 2459 hic
1232 2428 1331 2468 poeta
1367 2426 1410 2459 ad
1447 2435 1569 2459 unum.
1591 2425 1763 2469 epitheton

584 2479 776 2512 coalescere
800 2477 906 2512 iussit.
932 2477 1096 2521 Exempla
1119 2481 1199 2513 sunt
1223 2479 1323 2513 haec:
