2226 3133
1182 551 1357 581 —51-

682 626 849 663 indicasse
874 633 953 673 puto
980 633 1010 666 in
1039 634 1111 668 inst.
1137 638 1219 670 orat.
1246 637 1274 670 X
1298 641 1361 675 l.6l
1385 649 1461 673 cum
1484 641 1577 675 dicit:
1605 653 1748 679 „novem
1775 654 1855 679 vero

681 681 858 723 lyricorum
892 685 994 729 longe
1027 687 1193 723 Pindarus
1225 691 1380 735 princeps
1416 694 1551 736 spiritus
1588 697 1852 740 magnificentia.

677 736 862 775 sententiis,
889 738 1017 782 figuris,
1049 741 1243 777 beatissima
1269 755 1380 780 rerum
1413 749 1661 794 verborumque
1693 753 1788 795 copia
1821 756 1853 787 et

676 790 765 823 velut
790 793 937 834 quodam
964 796 1175 838 eloquentiae
1202 797 1378 834 flumine“.
1429 802 1612 846 Praecipue
1639 805 1807 849 imagines
1832 817 1850 840 a

677 841 822 878 Pindaro
847 845 974 881 effictas
999 851 1075 882 ante
1099 853 1217 885 oculos
1241 854 1412 888 collocem.
1439 855 1497 889 Ex.
1523 867 1573 901 gr.
1600 857 1631 891 in
1658 868 1688 891 v.
1712 863 1754 893 20
1778 870 1848 904 sqq.

674 896 827 932 Aetnam>
845 899 931 934 nivis
956 902 1118 937 nutricem
1144 908 1250 944 vocat.
1285 909 1391 942 Αἴτνα
1425 913 1570 955 παι-ἔτης
1600 911 1715 956 χιόνος
1739 912 1849 956 ὀξείας

672 952 804 995 τιθήνα.
854 952 984 988 Deinde
1008 965 1038 990 v.
1058 960 1092 990 21
1116 967 1186 1002 sqq.
1205 960 1412 996 delectamur
1436 965 1661 1006 pulcherrima
1680 966 1846 1010 imagine:

671 1008 731 1044 τᾶς
754 1007 944 1050 ἐρεύγονται
960 1012 1022 1052 μὲν
1038 1009 1190 1047 ἀπλάτου
1206 1014 1312 1058 πυρὸς
1336 1015 1515 1060 ἁγνόταται
1532 1021 1569 1053 ἐκ
1591 1024 1708 1064 μυχῶν
1731 1025 1845 1066 παγαί.

670 1057 777 1093 Multa
825 1061 890 1095 alia
930 1062 1086 1107 exempla
1132 1066 1253 1101 afferre
1299 1079 1449 1111 possum,
1496 1073 1619 1116 quibus
1660 1074 1843 1109 Pindarum

671 1111 827 1148 facultate
851 1125 939 1150 nova
965 1120 995 1152 et
1013 1120 1145 1162 propria
1162 1123 1297 1156 creandi
1318 1124 1509 1168 Bacchylidi
1539 1127 1641 1171 longe
1673 1132 1843 1171 praestare

669 1167 838 1208 probatur.
864 1172 922 1204 sed
949 1172 1030 1206 satis
1054 1182 1130 1208 esse
1155 1175 1236 1209 mihi
1262 1176 1401 1211 videtur.

850 1457 907 1498 lV.
951 1459 1289 1513 Bacchylidis
1328 1465 1654 1508 Aestimatio.

728 1537 875 1582 DIgestis
900 1541 1059 1575 omnibus
1077 1543 1186 1581 rebus,
1213 1544 1244 1578 in
1266 1546 1388 1589 quibus
1407 1547 1626 1591 Bacchylides
1645 1550 1831 1586 Homerum

659 1594 796 1626 secutus
820 1595 879 1632 est,
906 1596 1005 1638 atque
1032 1595 1176 1631 Pindaro
1201 1607 1277 1632 cum
1304 1599 1374 1634 Ceo
1399 1603 1496 1643 poeta
1521 1606 1717 1646 comparato
1742 1615 1831 1640 nunc

657 1645 854 1680 brevissime
885 1658 1100 1691 quaeramus.
1126 1652 1241 1694 quanti
1268 1653 1487 1697 Bacchylides
1513 1657 1746 1693 aestimandus
1778 1660 1828 1694 sit.

655 1698 736 1734 Sine
761 1701 873 1739 dubio,
899 1702 926 1735 si
952 1704 993 1737 ad
1019 1706 1204 1740 sententias
1228 1710 1431 1749 spectamus,
1458 1710 1510 1744 hic
1535 1713 1633 1753 poeta
1656 1722 1732 1746 cum
1753 1714 1828 1748 Pin-

653 1755 736 1788 daro
753 1755 894 1790 conferri
914 1767 980 1791 non
1000 1761 1116 1800 potest.
1144 1760 1253 1795 Floret
1271 1764 1382 1796 autem
1407 1765 1574 1799 sermonis
1598 1766 1768 1810 elegantia
1789 1778 1827 1802 ac

653 1808 898 1851 perspicuitate.
916 1820 982 1854 qua
1000 1812 1032 1845 ni
1051 1812 1148 1847 fallor
1165 1814 1267 1849 Hiero
1285 1819 1476 1851 commotus
1493 1820 1552 1856 est,
1576 1822 1609 1853 ut
1627 1829 1704 1854 eum
1724 1821 1824 1856 etiam

653 1861 798 1896 Pindaro
823 1864 1003 1905 praeferret
1016 1867 1047 1908 ¹).
1073 1865 1140 1901 Sed
1168 1878 1209 1901 ne
1235 1869 1298 1903 hae
1315 1870 1451 1913 quidem
1471 1872 1608 1907 virtutes
1625 1875 1825 1910 elocutionis

650 1915 723 1949 eius
741 1917 895 1959 propriae
912 1920 999 1957 sunt,
1026 1929 1153 1964 magna
1171 1931 1211 1955 ex
1231 1925 1323 1965 parte
1341 1925 1505 1960 debentur
1523 1927 1682 1962 l-lomero.
1733 1930 1824 1964 Bene

648 1969 743 2003 scivit
767 1970 909 2005 aliorum
935 1974 1120 2008 sententias
1143 1978 1174 2009 et
1199 1978 1406 2013 elocutiones
1432 1980 1463 2013 in
1489 1990 1589 2015 suum
1618 1992 1717 2017 usum
1744 1993 1822 2018 con-

647 2025 784 2063 vertere,
811 2035 899 2060 nova
924 2036 965 2060 ex
983 2037 1020 2061 se
1037 2038 1212 2071 procreare
1229 2031 1283 2065 vix
1302 2033 1416 2075 potuit.
1466 2034 1570 2069 Plane
1589 2036 1689 2079 igitur
1705 2048 1821 2072 assen-

646 2077 709 2112 tior
740 2078 1008 2119 Wilamowitzio‚
1045 2083 1101 2126 qui
1135 2083 1293 2119 iudicium
1329 2096 1428 2121 suum
1462 2090 1504 2123 de
1537 2089 1605 2124 Ceo
1638 2095 1736 2134 poeta
1769 2093 1821 2127 his

644 2132 755 2167 verbis
780 2138 994 2170 consummat
1005 2137 1046 2179 2);
1076 2136 1299 2175 „Schwerlich
1325 2143 1442 2176 wiirde
1462 2152 1498 2177 er
1515 2144 1652 2188 (Horaz)
1674 2147 1736 2180 das
1753 2146 1818 2181 Ge-

643 2188 827 2222 samturteil
862 2189 944 2223 iiber
975 2190 1198 2235 Bakchylides
1231 2195 1355 2229 anders
1385 2196 1501 2241 gefasst
1536 2199 1645 2233 haben
1681 2203 1730 2235 als
1764 2202 1818 2236 die

642 2239 877 2287 feinsinnigste
912 2245 1122 2289 griechische
1159 2248 1273 2287 Kritik.
1311 2250 1364 2284 die
1400 2253 1477 2286 dem
1513 2253 1815 2298 gottbegnadeten.

641 2294 722 2329 aber
752 2298 915 2332 zuweilen
948 2299 1111 2344 frostigen
1143 2301 1279 2337 Dichter
1304 2303 1428 2340 Pindar
1453 2306 1484 2340 in
1512 2307 1736 2352 Bakchylides
1762 2311 1815 2345 die

712 2386 734 2420 ¹)
753 2386 901 2415 Victoriam
929 2389 1103 2425 Olympicum
1130 2393 1193 2421 dico
1223 2394 1406 2423 desideratam
1435 2397 1497 2425 anni
1524 2400 1576 2426 468
1603 2407 1618 2426 a
1646 2400 1814 2437 Bacchylide

637 2436 719 2464 quam
739 2439 756 2459 a
776 2432 894 2460 Pindaro
915 2434 1028 2462 clebrari
1050 2437 1143 2464 maluit
1163 2446 1218 2465 rex.

708 2475 731 2510 ')
751 2475 941 2512 Bacchylides.
962 2479 1051 2507 Berlin
1075 2483 1149 2513 1898,
1169 2490 1194 2517 p.
1219 2486 1256 2511 ll.
