2226 3133
1001 570 1176 601 —34—

567 667 618 700 Ad
644 668 832 700 extremum
859 674 981 708 operae
1007 665 1146 707 pretium
1174 673 1249 698 esse
1266 663 1397 697 videtur
1413 662 1558 697 breviter
1575 671 1674 696 usum

499 720 721 763 epithetorum
741 718 1000 762 Bacchylideum
1021 728 1096 752 cum
1117 717 1294 751 Pindarico
1311 725 1518 760 comparare.
1567 717 1676 759 Atque

499 775 630 808 constat
648 773 831 806 Pindarum
857 774 963 806 multo
988 771 1096 806 rarius
1120 771 1266 814 epitheta
1288 770 1443 805 ornantia
1469 769 1629 804 adhibere
1642 771 1674 812 ¹).

500 827 600 871 Quod
627 827 748 860 mirum
775 836 843 860 non
869 827 928 860 est.
978 825 1063 859 Nam
1091 825 1123 859 in
1146 825 1218 868 ipsa
1236 827 1355 858 natura
1375 824 1581 868 ingenioque
1600 823 1675 857 Pin-

499 880 571 915 dari
602 880 748 924 positum
781 882 840 917 est,
871 880 961 924 quod
994 881 1093 922 poeta
1123 879 1308 913 Thebanus
1341 879 1382 912 ad
1417 887 1469 912 res
1501 878 1675 912 ornandas

500 942 568 969 non
594 937 640 969 tot
665 935 819 977 epithetis
849 943 932 968 usus
956 935 1006 968 est
1033 935 1114 977 quot
1140 933 1370 976 Bacchylides.
1419 932 1507 966 Nam
1540 941 1676 974 semper

499 990 627 1024 densus
659 988 834 1022 sententiis
857 989 947 1022 velut
971 990 1102 1022 torrens
1127 988 1168 1021 de
1193 989 1308 1021 monte
1333 986 1502 1030 praecipiti
1535 995 1675 1020 currens

499 1043 541 1077 ab
566 1043 632 1076 alia
657 1052 691 1076 re
716 1043 757 1076 ad
784 1042 883 1076 aliam
910 1041 1054 1075 festinat.
1103 1041 1150 1075 Ea
1176 1041 1218 1076 de
1237 1050 1341 1075 causa
1359 1041 1391 1074 in
1410 1040 1555 1084 singuiis
1573 1039 1674 1073 rebus

499 1097 662 1132 ornandis
693 1099 792 1140 atque
825 1099 890 1130 late
922 1096 1151 1130 describendis
1184 1104 1251 1129 non
1286 1097 1444 1129 moratur.
1500 1095 1609 1137 Atque
1641 1094 1673 1127 in

498 1151 615 1194 primis
639 1159 764 1184 moneo
790 1150 983 1187 Pindarum.
1010 1150 1045 1183 ut
1068 1149 1273 1183 feminarum
1307 1148 1591 1191 pulchritudinem
1619 1148 1673 1181 de-

498 1205 661 1248 pingeret,
694 1213 801 1247 paene
834 1206 925 1237 nulla
956 1203 1102 1246 epitheta
1135 1203 1332 1240 novavisse;
1370 1204 1470 1246 atque
1504 1211 1546 1236 ne
1580 1201 1675 1245 epica

497 1259 633 1302 quidem
657 1258 802 1302 epitheta
819 1268 839 1292 a
856 1260 954 1301 poeta
970 1257 1134 1292 Thebano
1152 1258 1283 1300 recepta
1301 1266 1377 1291 esse
1394 1257 1576 1290 observare
1598 1265 1673 1298 pos-

497 1323 627 1348 sumus.
676 1313 777 1357 Quod
803 1313 844 1346 ad
871 1312 1084 1355 probandum
1107 1311 1326 1355 inspiciamus
1343 1320 1384 1344 ea
1401 1310 1548 1354 epitheta
1564 1310 1674 1344 Musis

497 1369 598 1411 atque
622 1366 746 1402 Gratiis
771 1376 790 1400 a
816 1366 962 1400 Pindaro
987 1365 1152 1404 attributa,
1178 1374 1266 1409 quae
1290 1364 1427 1400 Schultz
1452 1364 1484 1398 in
1510 1374 1540 1407 p.
1564 1368 1599 1397 41
1623 1373 1672 1407 sq.

498 1421 603 1456 affert.
652 1421 686 1455 In
712 1422 776 1455 hoc
801 1420 909 1454 indice
934 1419 1086 1454 invenies
1111 1420 1194 1453 haec
1219 1419 1364 1462 epitheta
1389 1418 1671 1462 pulchritudinem

497 1475 647 1519 corporis
672 1475 908 1519 depingentiat
946 1473 1113 1519 ἀργύρεαι,
1139 1475 1342 1518 βαθύζωιιυι,
1368 1475 1597 1517 βαθύκολπος,
1622 1472 1672 1507 εὖ·

497 1544 622 1574 φωνος,
637 1529 794 1575 ἠύκομος,
811 1530 1024 1572 ἰοπλόκαμος,
1041 1531 1275 1572 μελίφθογγοι,
1295 1530 1430 1571 ξανθαῖς,
1450 1527 1579 1571 σεμνός,
1597 1542 1672 1571 χρυ-

497 1584 638 1628 σάμπυξ,
651 1586 783 1628 χρυσέα.
809 1583 887 1627 Quo
905 1593 980 1617 cum
1001 1583 1109 1617 indice
1126 1582 1241 1616 confer
1259 1591 1349 1616 nunc
1367 1581 1512 1625 epitheta
1525 1582 1672 1625 Bacchy—

496 1638 584 1672 lidea
609 1638 642 1671 in
674 1649 704 1682 p.
730 1641 782 1675 32.
814 1637 944 1671 videbis
969 1639 1103 1680 poetam
1123 1636 1326 1670 Thebanum
1352 1645 1463 1679 paene
1488 1638 1580 1670 nulla
1605 1636 1672 1678 epi—

495 1694 596 1731 theta,
633 1693 756 1737 quibus
791 1693 948 1737 singulae
984 1692 1132 1735 corporis
1169 1693 1280 1735 partes
1317 1691 1560 1725 dilucidissime
1594 1692 1671 1724 ante

496 1749 613 1782 oculos
629 1748 882 1785 collocarentur,
901 1746 1096 1780 adhibuisse
1114 1755 1223 1789 neque
1240 1745 1393 1779 effecisse
1414 1745 1554 1788 id‚quod
1574 1747 1671 1787 poeta

495 1801 596 1840 Ceus,
631 1802 665 1835 ut
689 1803 759 1835 erat
783 1801 924 1835 Jonicus
957 1801 1059 1834 homo
1091 1802 1233 1844 elegans
1265 1801 1365 1843 atque
1397 1799 1569 1835 delicatus.
1601 1801 1669 1832 tam

496 1856 618 1889 mirum
645 1855 677 1889 in
704 1856 843 1889 modum
869 1855 954 1889 fecit.
1003 1855 1112 1898 Atque
1140 1854 1380 1898 quaerentibus
1410 1864 1476 1897 qua
1502 1854 1543 1887 de
1567 1862 1672 1887 causa

496 1909 663 1943 Pindarus
686 1909 832 1943 feminas
857 1908 1010 1951 epithetis
1034 1908 1135 1942 variis
1160 1911 1191 1942 et
1216 1907 1449 1950 pulcherrimis
1482 1917 1548 1941 non
1575 1917 1670 1941 exor—

495 1963 633 2001 naverit,
669 1964 890 2006 spectandum
926 1964 976 1996 est
1009 1962 1050 1996 ad
1086 1962 1196 1996 studia
1231 1963 1330 2005 atque
1366 1961 1506 1995 consilia
1540 1963 1669 2004 poetae.

496 2017 643 2051 Dubium
669 2017 759 2051 enim
786 2027 853 2051 non
877 2019 936 2055 est.
961 2017 1041 2060 quin
1061 2016 1195 2050 Pindari
1221 2016 1372 2050 carmina
1389 2016 1576 2058 composita
1593 2015 1669 2053 sint.

495 2074 529 2104 ut
555 2071 685 2105 nobiles
709 2071 943 2114 praedicentur
966 2072 997 2104 et
1019 2070 1051 2104 in
1071 2070 1254 2104 maximam
1275 2072 1384 2104 lucem
1403 2069 1590 2112 proferatur
1615 2069 1670 2102 illa

494 2125 608 2163 virtus,
641 2135 729 2168 quae
759 2125 880 2168 cuique
912 2125 1022 2158 iuveni
1055 2133 1096 2158 ex
1129 2124 1291 2158 nobilium
1325 2133 1451 2168 genere
1481 2124 1669 2165 appetenda

493 2179 590 2212 fuerit
602 2179 641 2221 ²).
689 2179 801 2222 ltaque
820 2179 996 2216 Pindarus.
1022 2187 1098 2212 cum
1117 2187 1254 2221 semper
1269 2177 1377 2211 virum
1398 2177 1556 2210 Doricum
1575 2185 1668 2218 prae-

495 2232 606 2266 dicare
631 2231 664 2265 in
699 2232 813 2266 animo
845 2232 993 2270 haberet,
1027 2231 1286 2274 descriptionem
1320 2230 1499 2264 mulierum
1526 2230 1668 2273 pulchri-

493 2286 620 2320 tudinis
643 2285 740 2330 quasi
768 2286 798 2319 in
817 2286 972 2319 umbram
993 2285 1122 2328 pressit.
1148 2295 1225 2319 cum
1245 2285 1464 2328 Bacchylides
1481 2294 1546 2328 qua
1565 2285 1669 2327 potuit

494 2340 623 2374 ratione
647 2340 793 2374 feminas
818 2342 996 2374 exornaret
1021 2342 1120 2383 atque
1146 2339 1353 2383 depingeret.
1402 2339 1532 2374 Tamen
1551 2342 1668 2382 putan-

568 2423 586 2456 ¹)
606 2422 637 2450 V.
658 2423 693 2450 de
713 2429 763 2450 usu
784 2421 966 2456 epithetorum
987 2421 1059 2456 apud
1080 2421 1226 2448 Pindarum
1247 2429 1288 2452 ea,
1315 2429 1386 2456 quae
1406 2421 1438 2449 G.
1461 2421 1615 2449 Fraccaroli
1643 2421 1668 2448 in

493 2466 596 2494 Rivista
615 2468 642 2494 di
663 2467 797 2502 Filologia
817 2466 901 2494 XXVI
924 2468 957 2492 70
977 2473 1035 2500 sqq.
1056 2466 1192 2493 disseruit.

565 2513 587 2547 ¹)
607 2512 648 2540 Cf.
667 2513 748 2540 etiam
770 2513 804 2539 de
825 2512 876 2539 hac
897 2519 924 2538 re
944 2510 1184 2538 Wilnmowitzium
1206 2511 1306 2539 Aesch.
1327 2511 1418 2538 Orest.
1441 2511 1461 2537 ll
1483 2513 1524 2538 30.

1950 2084 1962 2503 :xa-nnmsem-...nn-m-m-n„
1953 2069 1961 2078 ι
1953 990 1966 2063 awa-numm
