2303 3141
1007 584 1219 616 v—lo-

541 687 628 720 tolos
664 685 763 728 atque
799 681 940 717 Curetes
975 682 1084 715 ortum
1121 680 1201 713 erat.
1266 678 1307 713 Ut
1343 677 1410 711 iarn
1449 674 1715 710 commemoravi

541 739 699 774 Atalanta
728 737 817 780 apud
848 736 1035 770 Homerum
1065 734 1169 768 deest.
1226 732 1305 766 Item
1337 730 1558 774 Bacchylides
1587 730 1628 763 de
1652 729 1716 762 vir-

541 793 622 838 gine
644 793 740 826 tacet.
783 790 887 824 Porro
913 789 1001 832 apud
1025 788 1205 830 utrumque
1226 788 1360 829 poetam
1385 785 1515 818 Dianae
1542 784 1588 817 ira
1613 792 1716 817 causa

540 849 600 887 est,
630 856 689 880 cur
717 845 848 879 incolae
878 842 1054 878 Pleuronis
1083 843 1114 875 et
1139 839 1323 884 Calydonis
1353 840 1394 873 de
1424 838 1494 881 apri
1521 839 1607 880 pelle
1632 837 1718 870 inter

541 910 578 935 se
602 901 737 935 certent.
785 897 835 933 Cf.
861 897 950 932 enim
978 897 1078 931 Hom.
1103 905 1133 929 v.
1159 898 1222 929 547
1249 904 1337 937 sqq.:

666 953 686 1000 ἡ
704 953 734 989 (5'
750 951 834 998 ἄμφ’
850 951 944 996 αὐτῷ
961 955 1045 996 θῆκε
1066 949 1177 985 πολὺν
1197 950 1341 983 κέλαδοι·
1361 950 1417 981 καὶ
1439 946 1555 991 ἀυτήν,

666 1007 751 1052 ἀμφὶ
772 1006 852 1047 συὸς
868 1009 999 1049 κεφαλῇ
1015 1007 1071 1039 καὶ
1088 1006 1224 1047 δέρματι
1241 1001 1428 1047 λαχνήεντι,

667 1061 855 1106 Κουρήτων
870 1074 905 1094 τε
921 1058 1044 1104 μεσηγὺ
1061 1061 1118 1092 καὶ
1134 1059 1302 1092 Αἰτωλῶν
1317 1055 1530 1100 μεγαθύμων.

541 1120 573 1152 et
598 1117 718 1151 Bacch.
744 1126 774 1150 v.
804 1118 863 1149 122
889 1124 978 1158 sqq.:

941 1193 948 1200 .
975 1193 981 1200 .
1007 1166 1048 1203 σι’
1073 1167 1135 1212 γάρ
1159 1180 1214 1201 πω
1239 1167 1396 1209 δαΐφρων

807 1223 955 1265 παῦσει]
977 1221 1082 1266 χόλον
1105 1219 1268 1265 ἀγροτέρα

905 1279 1039 1316 Λατοῦς
1062 1274 1223 1320 θηνγάτηρ·
1248 1276 1324 1317 περὶ
1349 1271 1379 1308 δ’
1403 1274 1554 1311 αἴθωνος
1579 1273 1681 1315 δορᾶς

807 1330 994 1377 μαρνάμεθ’
1017 1332 1182 1369 ἐνδυκέως

906 1388 1057 1429 Κουρῆσι
1087 1385 1352 1428 μενεπτολέμοις.

608 1442 742 1486 Quibus
766 1451 807 1476 ex
833 1440 942 1475 allatis
965 1440 1121 1474 videmus
1146 1437 1383 1482 Bacchylidem
1409 1437 1440 1470 in
1467 1437 1531 1470 hac
1556 1445 1600 1476 re,
1629 1444 1717 1479 quae

542 1498 584 1532 ad
608 1498 713 1531 totam
738 1495 889 1530 fabulam
915 1494 1162 1528 aestimandam
1182 1491 1322 1526 maximi
1343 1490 1506 1526 momenti
1532 1492 1592 1531 est,
1618 1492 1717 1533 plane

541 1561 618 1586 cum
656 1551 806 1586 Homero
842 1548 1042 1584 consentire.
1109 1547 1221 1591 Itaque
1258 1546 1398 1580 dubium
1435 1555 1503 1579 non
1540 1546 1600 1582 est,
1637 1544 1716 1588 quin

543 1605 772 1649 Bacchylides,
798 1603 929 1638 etiamsi
955 1603 986 1636 in
1012 1602 1161 1645 parvulis
1193 1601 1293 1635 rebus
1324 1600 1366 1634 ab
1391 1599 1542 1634 Homero
1573 1599 1716 1635 recedat.

541 1663 656 1695 tamen
681 1669 756 1694 eam
782 1668 864 1697 rem,
889 1667 976 1702 quae
994 1657 1072 1691 huic
1087 1656 1222 1690 fabulae
1243 1657 1370 1689 certum
1398 1656 1544 1688 colorem
1571 1652 1717 1695 praebet,

542 1725 583 1750 ex
608 1715 758 1749 Homero
784 1711 1036 1756 deprompserit.

609 1769 709 1803 Nunc
732 1769 915 1802 tractemus
940 1767 1079 1800 alteram
1104 1764 1240 1798 fabulae
1265 1764 1404 1807 partem.
1452 1762 1550 1805 Apud
1570 1761 1717 1804 Bacchy·

542 1824 642 1858 lidem
661 1823 783 1861 statim,
802 1822 980 1865 postquam
1005 1820 1181 1863 Meleager
1205 1820 1393 1853 avunculos
1417 1817 1450 1850 in
1476 1826 1593 1860 pugna
1619 1825 1717 1849 neca-

541 1878 596 1917 vit,
624 1879 731 1911 mater
755 1877 796 1910 de
821 1878 928 1910 morte
952 1875 1071 1909 certior
1087 1873 1174 1908 facta
1193 1873 1224 1906 id
1242 1872 1372 1916 lignum
1392 1872 1508 1905 dolore
1525 1870 1718 1913 perturbata

542 1942 584 1966 ex
609 1941 686 1965 arca
711 1930 813 1965 sumit
837 1931 869 1964 et
893 1928 1051 1967 incendit,
1076 1928 1109 1962 in
1127 1937 1194 1971 quo
1219 1928 1254 1960 ut
1279 1926 1323 1960 ita
1340 1925 1449 1960 dicam
1468 1925 1535 1958 vita
1551 1922 1716 1967 Meleagri

542 1985 723 2020 habitabat.
791 1985 899 2028 Atque
937 1983 1081 2017 simulac
1117 1982 1217 2022 taeda
1255 1980 1404 2014 flammis
1441 1979 1621 2021 absumpta
1657 1979 1716 2015 est,

541 2040 717 2084 Meleager
752 2047 911 2083 pugnans
947 2038 1024 2071 ante
1061 2035 1238 2070 Pleuronis
1273 2036 1387 2078 portas
1423 2043 1440 2068 e
1473 2033 1541 2067 vita
1577 2032 1716 2066 decedit.

542 2094 627 2128 Vide
653 2093 773 2128 Bacch.
799 2102 829 2126 v.
860 2095 920 2126 140
944 2101 1033 2135 sqq.:

801 2149 885 2181 Kale!
899 2159 935 2181 τε
953 2147 1130 2184 δαιδαλέας

907 2202 944 2234 ἐκ
968 2199 1135 2243 λάρνακος
1159 2197 1340 2242 ὠκύμορον

801 2254 924 2299 φιτρὸν
947 2253 1152 2297 ἐξαίσασαῑ),
1176 2251 1238 2287 τὸν
1259 2251 1300 2296 δὴ

905 2307 995 2353 μοῖρ’
1019 2309 1209 2342 ἐπέκλωσεν
1231 2306 1307 2341 τότε

801 2367 890 2407 ζωᾶς
907 2361 990 2407 ὅρου
1006 2361 1165 2406 ἁμετέρας
1182 2362 1289 2404 ἔμμεν.
1314 2359 1418 2404 τύχον
1433 2361 1494 2403 μὲν

910 2416 1082 2452 Δαϊπύλου
1100 2415 1276 2460 Κλύμενον

616 2493 637 2527 ¹)
658 2492 719 2520 Hoc
742 2490 945 2525 Wackernagel
971 2489 1099 2523 (Hermes
1123 2489 1166 2519 40,
1197 2489 1254 2522 154)
1281 2494 1332 2522 pro
1359 2485 1549 2522 ἐγκλαυσασα,
1573 2485 1647 2519 quod
1672 2492 1719 2518 pa-

542 2546 627 2574 pyrus
646 2538 748 2568 scribit,
768 2536 893 2569 conjecit.
