2303 3141
1100 596 1274 626 -25-

599 689 766 732 chylidem
805 690 997 733 legentibus
1027 693 1074 724 tot
1107 700 1196 725 nova
1230 691 1377 734 epitheta
1409 695 1597 732 occurrunt,
1629 698 1711 737 quot
1742 694 1775 728 in

598 742 805 777 carminibus
818 743 963 782 Pindari,
981 744 1036 788 qui
1055 747 1256 779 ornamento
1273 746 1496 789 epithetorum
1512 747 1646 790 parcius
1663 748 1774 786 utitur.

598 806 667 830 non
692 799 834 831 exstant.
884 797 982 841 Quae
1007 799 1048 832 ad
1075 803 1162 833 recte
1180 800 1392 834 aestimanda
1409 803 1636 844 exploremus,
1662 803 1775 846 qualia

597 851 663 884 sint
688 852 771 885 haec
795 851 951 894 epitheta.
999 854 1108 897 Atque
1133 863 1242 896 paene
1259 854 1375 888 omnia
1392 856 1640 896 compositione
1656 856 1774 900 singu-

597 907 705 939 lorum
731 915 852 940 vocum
879 906 1081 949 simplicium
1108 907 1253 942 formata
1278 918 1354 943 esse
1379 909 1542 944 invenies.
1583 912 1693 954 Atque
1710 910 1774 954 pri-

597 969 689 993 mum
727 959 863 1003 quidem
902 961 1122 1004 Bacchylides
1159 972 1324 1006 magnum
1362 973 1542 998 numerum
1583 966 1771 999 secundum

596 1016 789 1057 exemplum
808 1015 1027 1049 Homericum
1055 1017 1201 1050 novavit.
1251 1017 1352 1060 Quod
1370 1021 1554 1061 explanare
1570 1020 1671 1054 velim
1689 1029 1773 1054 usus

594 1067 740 1102 formula
774 1069 1012 1103 mathematica
1046 1071 1280 1113 proponionis.
1331 1072 1378 1106 Ea
1409 1073 1540 1107 ratione
1571 1074 1672 1112 enim,
1705 1084 1772 1117 qua

594 1121 766 1156 Homerus
789 1131 808 1156 e
832 1123 972 1157 vocibus
995 1125 1110 1164 αἰόλος
1133 1126 1165 1157 et
1189 1125 1308 1170 θώρηξ
1332 1133 1437 1160 unum
1463 1127 1634 1169 epitheton
1659 1129 1771 1162 αἰολο-

594 1175 712 1220 θώρηξ
736 1177 774 1212 (Δ
799 1179 876 1217 489)
902 1176 1011 1216 efficit,
1039 1177 1259 1221 Bacchylides
1283 1189 1385 1214 voces
1415 1181 1533 1220 αἰόλος
1563 1183 1595 1215 et
1622 1184 1770 1227 πρύμνη,

593 1238 680 1272 quae
705 1229 772 1263 iam
797 1231 941 1269 exstant,
973 1231 1015 1264 ad
1047 1240 1174 1265 novum
1207 1233 1377 1275 epitheton
1410 1234 1660 1279 αἰολόπρυμυος
1691 1245 1770 1270 con·

591 1282 718 1326 jungit;
751 1284 786 1316 ut
809 1283 955 1318 formula
981 1285 1218 1320 mathematica
1245 1287 1332 1320 hanc
1364 1287 1529 1322 rationem
1561 1289 1659 1332 quasi
1691 1292 1770 1324 ante

591 1339 709 1370 oculos
733 1339 910 1372 collocem:

658 1401 772 1440 αἰόλος
795 1403 828 1434 et
851 1400 983 1445 θώρηξῐ
1017 1402 1408 1447 αἶολοθὶύρηδεαίόλος
1433 1406 1464 1438 et
1487 1407 1634 1450 πρύμνηζ
1658 1409 1700 1440 Χ.

657 1471 731 1506 Hoc
755 1474 858 1506 modo
883 1476 1048 1515 permulta
1073 1474 1219 1517 epitheta
1244 1485 1263 1509 a
1283 1476 1484 1520 Bacchylide
1502 1479 1626 1512 novata
1643 1481 1723 1512 sunt
1733 1481 1766 1520 ¹).

589 1525 698 1568 Atque
723 1526 831 1568 primo
856 1529 930 1560 loco
955 1527 1060 1561 affero
1086 1537 1136 1566 ea.
1162 1538 1250 1572 quae
1275 1529 1496 1573 Bacchylides
1521 1532 1658 1566 novavit
1683 1541 1767 1566 usus

589 1578 698 1622 prima
722 1582 815 1623 parte
839 1581 980 1615 alicuius
1005 1582 1176 1617 Homerici
1201 1583 1336 1627 epitheti
1363 1585 1560 1628 compositi:

749 1643 758 1678 1
780 1648 840 1678 114
865 1644 1129 1690 αἰολόπρυμνοςῖ
1154 1650 1179 1681 Δ
1197 1650 1262 1682 489
1286 1649 1504 1694 αἰολοθώρηξ

748 1697 777 1731 Χ
795 1699 837 1732 68
862 1697 1094 1743 ἂμετρόδικοςί
1120 1705 1150 1735 Β
1167 1704 1230 1735 212
1256 1700 1463 1748 ἄμετροεπής

747 1752 816 1786 XIII
833 1756 853 1786 4
877 1753 1101 1797 βαρύτλατοςῑ
1128 1755 1218 1798 hym.
1237 1755 1267 1788 V
1291 1759 1310 1790 3
1335 1757 1550 1801 βαρύκτυπος

746 1806 808 1840 XV
825 1808 845 1840 6
870 1807 1087 1853 δολιχαύχηνῖ
1113 1813 1142 1843 Β
1159 1811 1224 1843 460
1249 1812 1476 1855 δολιχόδειρος

747 1860 806 1894 114
831 1861 1067 1906 θρασύχειροςῐ
1095 1866 1176 1897 Κ41
1207 1864 1458 1909 θρασυκάρδιος

746 1914 775 1947 V
792 1918 833 1948 33
857 1915 1152 1961 κυανοπλόκαμοςῖ
1178 1922 1214 1952 Ν
1227 1920 1290 1952 563
1315 1928 1520 1964 κυανοχαῖτα

745 1967 813 2002 VIII
830 1972 872 2005 49
896 1972 1141 2014 λιπαρόζωνοςῐ
1166 1976 1200 2006 Σ
1216 1976 1279 2006 382
1304 1973 1615 2019 λιπαροκρήδεμνος

745 2022 774 2055 V
791 2026 834 2056 48
858 2025 1049 2068 νεόκροτοςί
1079 2029 1104 2060 O
1121 2027 1186 2060 469
1212 2027 1418 2071 νεόστροᾳος

744 2076 774 2109 Χ
791 2080 833 2110 54
856 2081 1100 2122 παλίιντροποςῖ
1129 2082 1156 2113 Θ
1174 2082 1238 2114 266
1261 2084 1466 2121 παλίντονος

743 2129 754 2163 Ι
775 2133 836 2164 184
853 2132 885 2165 et
902 2130 955 2165 Vll
977 2135 1016 2165 10
1039 2135 1291 2178 πολυζήλωτος
1317 2148 1335 2169 ο
1354 2137 1418 2169 366
1441 2137 1654 2180 πολυήρατος

743 2184 753 2217 l
775 2187 830 2218 121
858 2185 1110 2230 πολύκρημνοςί
1135 2191 1165 2221 Β
1181 2190 1244 2221 497
1269 2188 1485 2234 πολύκνήμος

741 2237 772 2272 Χ
789 2241 831 2272 70
854 2238 1078 2284 πολύκριθοςὶ
1103 2245 1135 2275 Ε
1149 2243 1213 2276 613
1237 2244 1420 2288 πολυλήϊος

741 2291 815 2326 XVI
833 2295 875 2326 56
898 2296 1110 2339 πυριέθειραῑ
1137 2310 1148 2330 ι
1165 2299 1228 2329 387
1253 2296 1419 2342 πυριήκής

741 2345 784 2380 IV
800 2350 820 2380 4
844 2345 1032 2392 ὑψίὸειροςῖ
1057 2353 1095 2383 Μ
1117 2352 1174 2384 132
1200 2348 1410 2396 ὑψικάρηνος

653 2445 670 2479 ¹)
690 2444 765 2473 Sane
791 2447 933 2481 quomodo
957 2448 1066 2483 singula
1092 2449 1213 2484 epitheta
1239 2450 1349 2481 cadant.
1373 2451 1475 2486 pendet
1495 2459 1511 2479 a
1530 2453 1654 2480 secunda
1679 2455 1757 2488 parte

579 2490 796 2524 compositionis,
816 2493 898 2526 prout
917 2492 970 2520 alia
989 2493 1059 2520 alius
1078 2493 1271 2522 declinationis
1291 2497 1340 2523 est.
1379 2495 1449 2524 Vide
1469 2497 1504 2524 de
1523 2497 1576 2525 hac
1590 2505 1618 2526 re
1632 2497 1757 2526 Kfihner-

578 2533 666 2567 Blass.
685 2536 789 2571 griech.
809 2535 930 2565 Gramm.
951 2537 1000 2570 111.
1021 2540 1069 2566 ³11
1091 2546 1150 2575 sqq.
