2303 3141
978 577 1154 608 —32—

476 680 566 706 nova
597 671 742 715 epitheta
773 671 921 707 effecerit
953 673 994 707 ad
1024 672 1127 707 finem
1161 673 1322 716 perducta
1353 684 1444 708 nunc
1475 683 1515 708 ea
1548 675 1653 719 digna

475 735 551 760 esse
589 726 730 765 videtur,
778 736 866 771 quae
905 726 1049 762 breviter
1087 729 1257 772 tangatur,
1306 738 1387 762 num
1432 728 1652 773 Bacchylides

475 780 563 814 hanc
598 780 730 823 copiam
767 781 990 824 epithetorum
1028 781 1128 816 etiam
1166 782 1326 817 omnibus
1363 783 1444 817 locis
1477 785 1652 828 eleganter

473 836 683 878 venusteque
723 835 882 869 adhibere
922 835 1074 879 potuerit.
1125 836 1234 880 Atque
1274 837 1392 881 negari
1434 847 1501 872 non
1543 839 1651 881 potest

473 888 627 932 epithetis
668 889 898 933 Bacchylideis
945 890 1145 933 saepissime
1185 900 1235 929 ea,
1283 901 1370 935 quae
1411 892 1551 926 deorum
1593 895 1650 927 aut

473 953 696 986 personarum
729 944 861 987 propria
886 946 974 983 sunt,
1007 945 1180 988 aptissime
1210 945 1405 989 significari.
1455 946 1543 980 Nam
1568 947 1649 990 Jup-

471 998 564 1040 puer,
613 999 753 1032 deorum
796 999 1042 1042 hominumque
1082 1001 1185 1042 pater,
1234 1009 1301 1034 non
1343 1000 1465 1034 melius
1505 1001 1648 1035 describi

471 1053 584 1095 posset
617 1061 720 1095 quam
756 1052 910 1095 epithetis
939 1055 1192 1097 μεγιστοπάτωρ
1225 1055 1277 1087 vel
1312 1053 1490 1098 εὐρυάναξ.
1539 1056 1648 1098 Atque

470 1106 555 1140 Ares
577 1108 738 1144 armatus.
761 1105 909 1140 furiosus
941 1106 1195 1150 elegantissime
1223 1109 1363 1141 vocatur
1389 1110 1648 1152 χαλκεόστερι-ος

471 1161 527 1193 aut
550 1161 816 1204 καρτερόθυμος.
854 1159 940 1194 Tum
968 1160 1126 1204 Neptuno
1153 1161 1227 1199 deo,
1253 1161 1307 1204 qui
1334 1162 1384 1195 est
1409 1171 1466 1195 rex
1493 1163 1596 1196 maris
1616 1164 1648 1196 et

469 1215 591 1247 terram
616 1213 749 1247 tridenti
767 1223 830 1247 suo
848 1213 1004 1252 concutit,
1030 1214 1153 1248 idonea
1170 1214 1316 1257 epitheta
1341 1213 1532 1259 ἀναξίαλος,
1556 1214 1647 1259 ὀρσί-

468 1272 559 1311 αλος,
577 1271 768 1312 σεισίχθων,
787 1270 1007 1312 δαμασίχθονι)
1023 1268 1258 1302 attribuuntur.
1286 1268 1438 1312 Denique
1456 1269 1530 1303 sine
1544 1269 1646 1304 dubio

468 1321 632 1360 Theseus.
658 1322 714 1365 qui
739 1322 899 1356 omnibus
917 1322 1020 1356 armis
1037 1324 1136 1360 earet,
1163 1322 1336 1366 aptissime
1354 1325 1385 1357 et
1407 1323 1646 1358 delicatissime

468 1375 663 1410 nomInatur
679 1375 891 1420 ἀρέταιχμος.
939 1377 1049 1420 Atque
1067 1377 1130 1410 hoc
1148 1377 1297 1410 maxime
1314 1377 1457 1421 dignum
1476 1379 1536 1416 est,
1554 1378 1644 1421 quod

467 1439 734 1464 commemorem
774 1430 1010 1474 Bacchylidem
1048 1431 1089 1464 ad
1122 1430 1326 1464 feminarum
1359 1431 1643 1474 pulchritudinem

467 1483 720 1528 depingendam
745 1485 877 1527 praeter
901 1484 1047 1527 epitheta
1072 1484 1263 1523 Homerica,
1289 1485 1411 1528 quibus
1435 1495 1519 1519 usus
1543 1487 1642 1523 esset.

466 1539 632 1582 permulta
650 1547 740 1572 nova
756 1537 920 1572 effecisse.
947 1537 1075 1581 Inspice
1099 1539 1188 1573 enim
1207 1548 1325 1573 voces:
1351 1539 1643 1583 κυανοπλόκαμος,

465 1594 771 1637 καλυκοστέφαυος,
795 1592 989 1637 ἱμεράμπυξ,
1012 1594 1207 1638 “umbri-cog,
1226 1593 1469 1638 λιπαρόζωνος,
1492 1608 1643 1637 φοινικο-

448 1645 660 1691 ’κράδεμνος
692 1647 901 1692 χλωραύχην,
933 1647 1192 1692 χρυσεόπλοκος,
1223 1647 1446 1693 χρυσόπαχυς,
1480 1647 1643 1693 ὖψαυχής,

465 1709 532 1744 qua
556 1700 590 1734 in
616 1709 651 1734 re
677 1700 860 1735 Pindarum
887 1711 907 1735 a
932 1701 1134 1745 Bacchylide
1165 1703 1234 1736 toto
1259 1704 1353 1737 caelo
1378 1703 1502 1736 distare
1526 1704 1643 1746 postea

465 1755 716 1789 demonstrabo.
776 1755 837 1790 I-lis
871 1757 971 1800 atque
1004 1765 1106 1799 supra
1141 1757 1250 1791 allatis
1283 1757 1448 1800 exemplis
1482 1758 1642 1792 commoti

463 1809 632 1844 sermonis
651 1809 862 1854 Bacchylidei
880 1811 1085 1855 elegantiam
1105 1813 1296 1846 laudamus.
1337 1811 1404 1847 Sed
1426 1812 1643 1847 inveniuntur

463 1864 563 1898 etiam
599 1864 672 1903 loci,
709 1865 831 1909 quibus
865 1865 1011 1909 epitheta
1045 1866 1241 1901 nominibus
1275 1876 1343 1901 non
1377 1869 1452 1910 apte
1484 1867 1640 1901 attribuit.

462 1918 522 1952 Ex.
540 1927 591 1962 gr.
611 1918 739 1953 Proetei
764 1919 864 1959 filiae,
895 1929 982 1964 quae
1007 1920 1139 1955 insania
1165 1921 1381 1965 amentiaque
1405 1922 1557 1956 turbatae
1583 1931 1642 1965 per

462 1973 595 2006 montes
620 1972 764 2017 fugiunt,
789 1975 954 2008 vocantur
972 1977 1265 2018 καλυκοστέφαινοι
1289 1975 1332 2017 (Χ
1354 1977 1438 2018 108),
1464 1976 1554 2018 quod
1572 1975 1639 2018 epi-

460 2027 576 2061 theton
609 2027 708 2061 etiam
744 2027 875 2062 Dianae
905 2029 990 2062 deae
1021 2029 1177 2072 apposuit
1209 2029 1251 2071 (V
1276 2030 1348 2072 98).
1408 2029 1538 2063 Deinde
1570 2039 1638 2063 non

461 2081 548 2115 bene
571 2082 714 2126 quadrat
739 2082 907 2125 epitheton
934 2084 1090 2126 δαΐφρων
1115 2084 1156 2117 ad
1178 2083 1367 2122 Althaeam,
1393 2093 1480 2127 quae
1506 2084 1637 2128 lignum

459 2136 562 2170 fatale
586 2137 790 2171 comburens
815 2137 883 2171 filio
908 2146 971 2172 suo
998 2139 1140 2171 mortem
1166 2137 1262 2171 affert
1281 2138 1322 2179 (V
1344 2139 1428 2181 137).
1477 2137 1637 2172 Eiusdem

458 2190 589 2225 farinae
613 2192 691 2225 sunt
715 2191 815 2225 etiam
842 2192 925 2226 haec
949 2193 1122 2234 exempla:

781 2245 848 2280 VIII
868 2249 908 2280 29
933 2245 1095 2291 εὖφεγγής
1120 2247 1240 2281 σελάνα

780 2299 811 2334 Χ
833 2303 891 2334 117
916 2302 1037 2344 χρυσέα
1063 2302 1223 2335 δέσποινα

491 2379 493 2381 -
780 2353 810 2386 V
828 2356 868 2388 26
893 2356 1108 2388 δυσπαίπαλα
1132 2353 1272 2398 κύματα.

526 2407 614 2442 Nam
632 2406 706 2442 sine
723 2407 825 2443 dubio
851 2409 1082 2449 δυσπαίπαλος
1107 2410 1212 2443 multo
1231 2408 1326 2452 peius
1344 2409 1385 2443 ad
1405 2409 1516 2444 undas
1533 2419 1634 2454 quam

459 2462 500 2496 ad
526 2463 660 2496 montes
688 2463 840 2506 quadrat,
865 2462 1066 2506 quibuscum
1098 2463 1186 2506 apud
1216 2463 1455 2498 Archilochum
1485 2463 1541 2506 (fr.
1576 2467 1635 2498 107

458 2515 612 2559 Crusius)
637 2516 863 2561 coniungitur.
912 2515 982 2551 Cf:
