2226 3133
63 2158 78 2913 munta-mmmcm-

965 551 1140 582 -40-

466 650 498 684 ἰη
525 649 659 684 Pindari
685 649 891 684 carminibus
916 649 1044 683 similes
1069 651 1161 682 locos
1192 647 1383 682 invenimus
1394 650 1426 689 ¹).
1475 645 1639 681 Graviora

465 705 543 738 sunt
568 705 652 738 haec
675 706 844 746 exempla:

572 757 599 790 V
626 761 660 791 21
692 762 813 801 θαρσεῖ
834 761 978 802 κρατερᾷ
1001 760 1142 795 πίσυνος
1169 757 1254 800 ἰσχύϊ
1266 769 1276 790 .·

677 815 705 846 A
726 814 746 845 9
771 810 893 855 ἠνορέῃ
917 814 1052 845 ,πίσυνοι
1077 813 1132 844 καὶ
1157 810 1273 853 κάρτεϊ
1291 813 1423 853 χειρῶν.

571 865 599 898 V
625 868 666 898 28
691 864 753 900 σὺν
777 865 923 908 ζεφύρου
946 873 1136 899 avocatam:

681 924 706 953 ‘1'
727 923 790 952 415
816 916 882 962 ἅμα
905 922 1007 962 πνοιῇ
1033 920 1188 961 ζεφύροιο

570 972 598 1005 V
624 976 666 1006 30
691 972 876 1017 ἀρίγνωτος
898 973 966 1016 μετ’
993 971 1188 1016 ἀνθρώποις
1214 973 1314 1006 ldetv:
1615 1013 1619 1017 Ι

676 1042 694 1070 ρ
713 1029 775 1060 265
794 1027 864 1070 ῥεῖα
883 1025 1078 1070 ὸ’“ιῖρι’γι’ωτ“
1096 1028 1165 1060 ἐστὶ
1182 1028 1237 1060 καὶ
1255 1027 1291 1059 ἐν
1310 1029 1488 1059 πολλοῖσιν
1506 1026 1636 1058 ἰδέσθαι

568 1080 624 1114 XII
655 1083 713 1113 129
739 1082 893 1123 στόρεσω)
917 1082 954 1114 δέ
976 1094 1010 1114 τε
1034 1081 1180 1114 πόντοιτ

675 1149 695 1178 γ
724 1138 783 1167 158
807 1135 979 1178 ἐστόρεσεν
1004 1136 1038 1167 δὲ
1064 1133 1144 1173 θεὸς
1166 1135 1350 1177 μεγακήτεα
1373 1134 1510 1167 πόντον.

568 1188 622 1221 ΧΙΙ
653 1191 711 1222 132
737 1190 888 1231 ἐξίκοντο
912 1191 1050 1232 χέρσον.-

674 1257 685 1276 ι
709 1245 773 1276 480
798 1245 929 1285 θέμωσε
954 1245 988 1276 ὸὲ
1013 1245 1133 1286 χέρσον
1157 1243 1332 1284 {xeo-9:11²).

527 1304 661 1348 Quibus
675 1314 716 1339 ex
730 1305 894 1348 exemplis
911 1305 994 1339 satis
1011 1306 1110 1348 plane
1128 1307 1265 1348 apparet
1278 1305 1514 1348 Bacchylidem
1533 1305 1633 1338 etiam

460 1359 501 1392 ad
528 1359 616 1392 hanc
640 1360 928 1401 comparationem
954 1360 1187 1393 exornandam
1211 1369 1252 1393 ex
1267 1359 1410 1397 Homeri
1427 1359 1635 1393 carminibus

460 1414 585 1446 multos
595 1413 756 1447 flosculos
765 1413 942 1455 carpsisse.
970 1413 1122 1456 Denique
1132 1413 1367 1447 disserendum
1377 1414 1427 1446 est
1437 1414 1478 1446 de
1489 1413 1634 1456 quaesti-

459 1476 534 1504 one.
573 1477 653 1500 num
683 1467 843 1501 omnibus
876 1467 907 1501 in
941 1467 1148 1501 carminibus
1182 1467 1401 1511 Bacchylides
1435 1467 1634 1501 Homericas

459 1521 646 1554 locutiones
671 1521 868 1555 adhibuerit.

794 1739 824 1780 c)
862 1737 917 1771 De
951 1737 1295 1772 Elocutionibus.

525 1809 554 1843 ls
584 1810 640 1852 qui
674 1808 884 1852 Bacchylidis
916 1809 1066 1843 carmina
1100 1809 1189 1854 legit.
1222 1810 1332 1844 statim
1366 1811 1541 1854 cognoscit
1574 1809 1632 1844 Cei

457 1872 650 1898 sermonem
677 1865 783 1898 multo
809 1863 938 1898 facilius
965 1864 1111 1907 intellegi
1137 1874 1238 1907 quam
1267 1864 1411 1898 Pindari.
1449 1864 1548 1906 Quod
1575 1874 1632 1907 po-

530 1956 547 1988 ¹)
568 1954 595 1982 Ρ.
618 1954 625 1981 l
646 1955 675 1986 6:
697 1954 705 1981 l
726 1955 810 1982 V149
824 1962 864 1988 so.

528 2001 546 2033 ’)
566 1999 628 2027 Non
653 2002 743 2026 autem
769 2000 905 2026 assentior
924 1999 1122 2028 Tommasinio.
1146 1999 1192 2033 qui
1217 1999 1242 2026 in
1268 1999 1340 2026 studi
1365 2000 1391 2026 di
1417 1999 1480 2026 lilol.
1507 1999 1554 2026 Vll
1580 2001 1631 2026 4³³

456 2045 550 2072 censet
571 2045 655 2071 verba
675 2044 710 2077 (V
729 2045 758 2071 16
772 2046 837 2078 sq.):
857 2043 955 2079 βαθὺν
975 2043 1113 2077 wal-2210«
1133 2045 1265 2075 ξουθαῖσι
1291 2042 1408 2077 τὰμνωι·
1433 2042 1509 2077 ὑψοῦ
1533 2043 1631 2078 πηοί·-

456 2100 533 2125 γεσαι
554 2090 681 2124 ταχείαις
707 2089 827 2123 pendere
852 2089 886 2115 ab
912 2088 991 2115 Hom.
1013 2089 1085 2122 hym.
1106 2091 1196 2118 33,12:
1225 2088 1251 2115 οἳ
1272 2087 1438 2123 δ’ἐξαπιί·ης
1459 2087 1630 2123 ἐφάνησαν]

455 2133 575 2171 ξουθῇσι
593 2133 765 2170 πτερύγεσσι
787 2133 820 2161 δι’
843 2133 960 2168 αἰθέρος
980 2131 1119 2166 ἀίξαντες.
1159 2133 1219 2161 Hoc
1239 2134 1309 2160 enim
1330 2134 1446 2168 pertinet
1466 2134 1500 2160 ad
1516 2133 1630 2161 Dioscu-

455 2187 509 2211 ros.
529 2180 575 2214 qui
595 2180 654 2207 sine
674 2179 758 2206 dubio
779 2179 918 2206 veteribus
936 2179 1106 2213 temporibus
1125 2179 1174 2205 alis
1189 2180 1342 2206 caruerunt.
1375 2178 1444 2205 Nam
1460 2179 1513 2206 hoc
1527 2179 1630 2213 hymno

454 2226 572 2259 excepto
593 2233 681 2260 neque
702 2225 726 2252 in
747 2224 832 2252 literis
852 2232 941 2259 neque
961 2224 986 2251 in
1011 2224 1141 2258 operibus
1166 2224 1280 2258 sculptis
1301 2225 1327 2251 et
1346 2224 1426 2258 pictis
1446 2224 1629 2258 antiquiorum
1657 2248 1662 2253 .

454 2271 608 2304 temporum
636 2271 686 2297 alis
713 2270 800 2297 ornati
829 2271 946 2297 exstant.
986 2269 1100 2296 Demum
1129 2269 1154 2295 in
1181 2269 1301 2303 speculis
1329 2268 1451 2296 Etruscis
1479 2269 1631 2297 Dioscuros

454 2315 504 2342 alis
524 2317 638 2342 ornatos
659 2315 812 2342 invenimus
841 2316 876 2349 (v.
897 2313 1032 2343 Gerhard,
1061 2314 1168 2341 Etrusk.
1188 2313 1298 2348 Spiegel
1320 2314 1374 2341 tab.
1395 2314 1514 2341 Lll-LlV
1535 2317 1561 2342 et
1581 2315 1630 2341 Ar—

454 2359 543 2387 chaol.
558 2359 616 2395 Ztg.
642 2361 715 2390 1865,
740 2362 806 2393 124),
833 2367 903 2394 quae
917 2359 1116 2394 posterioribus
1131 2359 1301 2393 temporibus
1315 2359 1414 2386 effecta
1428 2362 1499 2386 sunt.
1537 2359 1630 2393 ltaque

454 2412 515 2432 cum
537 2405 663 2433 Dioscuri
684 2406 853 2440 temporibus
875 2405 1048 2440 Bacchylidis
1068 2405 1117 2432 alis
1143 2412 1196 2432 non
1221 2405 1310 2432 ornati
1335 2405 1396 2434 sint.
1421 2405 1551 2441 hymnum
1575 2405 1630 2433 Ho-

454 2458 557 2478 merum
578 2459 688 2486 qnoque
710 2452 889 2478 recentiorem
911 2458 973 2478 esse
993 2451 1067 2485 puto.
1088 2450 1125 2477 ita
1145 2451 1173 2477 ut
1194 2450 1375 2484 Bacchylides
1400 2451 1434 2477 ab
1455 2459 1488 2478 eo
1509 2451 1629 2485 pendere

453 2504 507 2524 uon
529 2497 654 2530 potuerit.
694 2496 733 2523 Cf.
755 2496 871 2526 Gemoll.
893 2495 942 2522 Die
963 2496 1154 2522 homerischen
1176 2496 1303 2529 llymuen
1323 2503 1348 2529 p.
1364 2498 1422 2522 300.
