2303 3141
344 162 371 295 ,ΓΜ
345 128 347 138 a

1166 546 1342 578 -19-

734 645 829 679 Haec
853 644 965 682 habui,
997 653 1085 686 quae
1111 642 1348 684 Bacchylidem
1381 640 1414 674 in
1439 639 1562 673 tabulis
1593 637 1777 672 tractandis
1801 646 1842 671 ex

667 699 816 733 Homero
841 698 998 732 hausisse
1023 697 1173 740 probem.
1221 695 1378 729 Vidimus
1403 694 1494 728 hunc
1518 696 1651 737 poetam
1678 701 1753 726 eam
1778 691 1843 726 ior·

667 763 769 792 mam.
803 762 891 796 quae
924 755 975 786 est
1008 752 1041 786 in
1076 750 1215 785 Homeri
1249 749 1467 787 carminibus,
1502 748 1663 791 praebere
1695 745 1843 789 exceptis

666 808 838 841 nonnullis
863 807 963 841 rebus
988 805 1147 849 parvulis.
1197 804 1308 847 Itaque
1329 802 1496 837 assentior
1513 802 1667 839 Roberto‚
1693 800 1748 844 qui
1766 809 1843 834 cen-

665 862 761 904 set¹):
789 862 900 900 „Aber
925 859 1145 902 Bacchylides
1168 858 1234 892 tritt
1259 857 1359 895 nicht,
1384 857 1449 890 wie
1473 855 1688 891 Stesichorus
1713 854 1782 887 und
1809 853 1842 887 in

666 917 835 950 manchen
872 915 987 948 Pallen
1024 914 1110 947 auch
1148 912 1283 950 Pindar‚
1321 910 1542 947 kritisierend,
1579 908 1842 952 umgestaltend,

666 969 911 1004 neueriindend
943 978 986 1002 an
1016 968 1071 1002 die
1095 967 1387 1001 uberkommenen
1412 963 1518 999 Stoit'e
1551 964 1672 1000 heran:
1705 971 1741 996 er
1770 962 1843 1006 gibt

664 1023 850 1068 getreulich
874 1022 948 1057 teils
973 1022 1026 1056 die
1051 1021 1186 1064 epische
1210 1019 1396 1058 Tradition,
1420 1019 1506 1056 tells,
1538 1027 1611 1052 was
1641 1016 1761 1060 hautig
1785 1015 1844 1049 auf

666 1077 822 1112 dasselbe
847 1077 1111 1114 hinauskommt,
1138 1075 1192 1109 die
1215 1075 1327 1109 seiner
1348 1073 1419 1108 Zeit
1443 1072 1618 1118 gelaufige
1634 1069 1840 1115 Sagent'orm

664 1132 822 1166 wieder&
848 1140 876 1165 e.
895 1141 925 1175 q.
943 1140 969 1165 s.
1510 1138 1515 1142 ·

854 1285 908 1324 111.
938 1284 998 1324 De
1027 1283 1228 1323 sermonis
1258 1283 1392 1321 colore
1422 1280 1651 1320 Homerico.

732 1375 765 1409 ln
792 1375 855 1409 hoc
879 1373 987 1417 capite
1012 1382 1079 1407 non
1106 1373 1147 1406 de
1172 1371 1302 1406 dialecti
1320 1370 1435 1414 epicae
1451 1369 1613 1413 vestigiis.
1639 1377 1727 1412 quae
1751 1368 1840 1410 apud

665 1429 902 1472 Bacchylidem
940 1427 1165 1466 inveniuntur,
1201 1435 1314 1470 agam.
1351 1424 1448 1459 Hanc
1480 1424 1571 1458 enim
1605 1422 1840 1466 quaestionem

664 1483 808 1518 absolvit
830 1483 1008 1517 ,lohannes
1032 1481 1167 1517 Schone
1193 1480 1225 1514 in
1251 1479 1487 1514 dissertatione
1514 1477 1678 1521 Lipsiensi
1704 1477 1746 1510 de
1771 1476 1841 1510 dia-

664 1541 749 1572 lecto
782 1537 1052 1580 Bacchy1idea2).
1101 1535 1217 1569 Meum
1250 1536 1300 1568 est
1331 1535 1517 1577 explorare.
1551 1532 1725 1576 quomodo
1750 1529 1841 1565 Ceus

665 1594 764 1636 poeta
788 1593 966 1626 thesauros
998 1590 1187 1625 uberrimos
1219 1588 1374 1622 dictionis
1399 1587 1601 1622 Homericae
1632 1584 1839 1628 expilaverit‚

664 1647 836 1690 quomodo
860 1645 1040 1690 fragmina,
1074 1648 1109 1678 ut
1138 1644 1182 1678 ita
1214 1644 1334 1681 dicam.
1369 1642 1626 1676 Homericorum
1658 1639 1838 1674 verborum

663 1700 870 1738 conflaverit,
903 1703 937 1733 ut
961 1708 1050 1733 nova
1074 1708 1116 1732 ex
1147 1698 1196 1732 eis
1228 1700 1412 1731 orerentur.
1460 1697 1569 1739 Atque
1601 1693 1838 1737 Bacchylidem

664 1755 764 1788 etiam
794 1756 881 1788 totas
910 1753 1117 1787 elocutiones
1146 1762 1187 1786 ex
1218 1751 1368 1785 Homero
1397 1749 1586 1793 sumpsisse
1616 1748 1857 1784 inveniemus.⁴

663 1808 731 1844 Sed
757 1809 798 1842 de
823 1809 887 1842 hac
910 1807 1046 1851 quidem
1073 1815 1107 1840 re
1134 1806 1228 1840 infra.
1277 1805 1376 1839 Nunc
1393 1805 1538 1847 primum
1557 1803 1694 1847 quidem
1711 1801 1840 1836 exami-

663 1871 796 1901 nemus,
813 1862 987 1905 quomodo
1003 1861 1071 1899 fiat.
1090 1864 1125 1894 ut
1141 1860 1311 1894 sermonis
1327 1859 1438 1893 torma
1452 1857 1673 1892 Homericum
1691 1858 1838 1890 colorem

663 1917 790 1950 reddat.

1048 1996 1077 2020 a.
1113 1985 1172 2019 De
1206 1984 1454 2028 Epithetis.

731 2050 843 2084 Primo
867 2050 994 2087 obtutu.
1029 2049 1057 2083 si
1089 2047 1300 2091 Bacchylidis
1331 2046 1482 2080 carmina
1515 2045 1671 2089 legimus,
1704 2046 1838 2088 poetam

662 2104 816 2148 epithetis
840 2103 1040 2138 ornantibus
1065 2102 1239 2136 abundare
1264 2100 1502 2144 intellegimus.
1551 2098 1693 2134 Constat
1725 2101 1838 2132 autem

663 2159 727 2193 hoc
752 2158 890 2193 Homeri
915 2157 1087 2201 proprium
1113 2165 1198 2195 esse.
1224 2156 1321 2190 cuius
1345 2155 1378 2189 in
1404 2154 1612 2189 carminibus
1637 2162 1746 2197 neque
1772 2154 1840 2186 ulla

663 2222 808 2257 persona
833 2222 943 2256 neque
968 2214 1056 2246 ullae
1073 2220 1127 2246 res
1143 2211 1217 2245 sine
1234 2213 1354 2245 ornatu
1372 2211 1558 2244 occurrant.
1607 2208 1721 2251 ltaque
1737 2216 1839 2251 quae-

663 2268 806 2302 rendum
831 2269 890 2305 est,
916 2275 1004 2310 quae
1029 2265 1112 2300 ratio
1138 2265 1222 2299 inter
1246 2265 1470 2308 epithetorum
1496 2272 1607 2301 usum,
1632 2271 1733 2306 quem
1753 2263 1839 2296 uter-

662 2331 728 2366 que
753 2322 851 2365 poeta
875 2322 1012 2355 secutus
1028 2319 1079 2357 sit.
1106 2319 1299 2354 intercedat.
1346 2319 1388 2352 At
1407 2320 1549 2362 longum
1568 2318 1618 2351 est
1637 2324 1839 2350 enumerare

661 2375 778 2410 omnia
808 2375 954 2419 epitheta
978 2373 1169 2412 Homerica.
1201 2382 1289 2418 quae
1320 2373 1353 2407 in
1386 2371 1598 2416 Bacchylidis
1630 2369 1839 2406 carminibus

736 2448 756 2483 ¹)
777 2448 870 2479 Herm.
890 2450 994 2479 33.l³0.

734 2493 756 2528 ¹)
775 2492 918 2528 Leipziger
937 2492 1051 2520 Studien
1071 2491 1133 2519 xlx
1156 2494 1200 2519 181
1223 2498 1283 2526 sqq.
