2303 3141
1104 1113 1128 1152 l.
1159 1111 1422 1152 Praefatio.

743 1198 794 1231 Ad
824 1197 1000 1240 ingenium
1033 1196 1134 1238 atque
1165 1196 1270 1227 artem
1303 1191 1452 1226 cuiusvis
1484 1192 1604 1233 poetae
1639 1189 1726 1222 recte
1756 1186 1854 1220 aesti-

677 1252 803 1285 manda
828 1250 968 1285 maximi
994 1248 1156 1283 momenti
1191 1248 1242 1281 est
1272 1254 1445 1289 quaerere,
1478 1253 1520 1277 ex
1552 1243 1674 1286 quibus
1704 1241 1855 1275 fontibus

676 1305 825 1339 hauserit
849 1306 950 1347 atque
967 1304 1135 1346 quatenus
1159 1310 1201 1335 ex
1226 1309 1263 1334 se
1289 1300 1360 1342 ipse
1380 1297 1565 1332 sententias
1590 1299 1622 1330 et
1647 1295 1855 1330 elocutiones

675 1359 841 1403 genuerit.
889 1357 925 1392 Si
951 1358 1035 1391 haec
1059 1355 1213 1400 quaestio
1238 1353 1436 1397 proponitur
1461 1353 1502 1385 de
1528 1350 1731 1393 Bacchylide
1755 1350 1855 1392 poeta

676 1413 820 1450 chorico.
853 1412 963 1446 statim
991 1411 1159 1445 Pindarus
1185 1409 1216 1442 in
1250 1407 1452 1442 memoriam
1477 1405 1577 1439 venit.
1633 1403 1696 1437 Hic
1720 1411 1855 1446 quoque

676 1467 827 1501 carmina
851 1465 995 1509 epinicia
1012 1463 1211 1507 composuit,
1230 1471 1318 1505 quae
1336 1460 1434 1495 nobis
1454 1463 1587 1493 servata
1605 1460 1694 1492 sunt.
1742 1456 1855 1499 ltaque

676 1521 813 1555 interest
838 1522 1023 1563 explorare,
1053 1527 1141 1562 quae
1166 1517 1249 1551 ratio
1274 1516 1360 1549 inter
1384 1517 1565 1556 utrumque
1590 1514 1725 1554 poetam
1756 1510 1855 1543 inter-

676 1576 782 1609 cedat.
830 1575 939 1617 Atque
963 1581 1043 1606 vero
1069 1571 1106 1606 K.
1127 1570 1279 1605 Prentice
1291 1571 1313 1611 ¹)
1346 1569 1379 1602 in
1408 1570 1517 1601 lucem
1547 1565 1683 1609 protulit
1707 1564 1854 1606 Bacchy·

677 1629 778 1663 lidem
798 1638 866 1662 non
892 1627 1008 1670 paucis
1032 1626 1115 1660 locis
1139 1635 1216 1659 curn
1244 1624 1390 1658 Pindaro
1413 1621 1545 1666 aequali
1566 1630 1628 1654 suo
1653 1618 1855 1653 consentire.

743 1685 852 1726 Atque
877 1682 1018 1715 dubium
1044 1690 1112 1714 non
1137 1682 1197 1717 est,
1223 1679 1302 1722 quin
1327 1678 1499 1711 Homerus
1523 1683 1718 1710 sermonem
1751 1682 1856 1716 quen-

677 1739 757 1772 dam
775 1736 931 1774 effecerit.
950 1744 1017 1779 quo
1035 1743 1156 1769 omnes
1173 1736 1293 1776 poetae
1313 1731 1516 1775 posteriores
1541 1729 1592 1763 usi
1617 1729 1706 1762 sunt.
1747 1729 1856 1770 Atque

678 1791 846 1826 Pindarus
867 1799 1012 1834 quoque,
1049 1789 1104 1832 qui
1129 1796 1324 1822 sermonem
1343 1785 1494 1819 maxime
1511 1783 1683 1827 proprium
1709 1781 1855 1825 praebet.

677 1845 886 1881 elocutiones
918 1843 1118 1878 Homericas
1149 1840 1344 1883 adhibuit.‘-‘)
1403 1838 1554 1873 Maxime
1587 1837 1689 1880 igitur
1720 1835 1857 1869 interest

677 1909 849 1945 quaerere.
868 1908 968 1943 quem
995 1899 1036 1931 ad
1062 1897 1202 1931 modum
1223 1894 1443 1938 Bacchylides
1467 1902 1509 1927 ex
1532 1892 1683 1926 Homero
1701 1890 1856 1933 pendeat.

679 1956 755 1990 Non
785 1957 897 1990 autem
916 1953 998 1988 rnihi
1025 1951 1183 1996 proposui
1209 1951 1376 1984 disserere
1401 1950 1442 1982 de
1472 1947 1614 1981 dialecto
1633 1943 1857 1988 Bacchylidea

678 2011 750 2045 sive
772 2010 814 2044 de
831 2009 932 2043 rebus
949 2006 1180 2051 syntacticis.³)
1198 2005 1258 2039 sed
1276 2013 1380 2048 agere
1396 2005 1474 2037 volo
1492 2002 1534 2036 de
1549 2011 1590 2035 ea
1604 1999 1744 2039 ratione,
1769 2007 1857 2042 quae

680 2065 713 2099 in
737 2063 861 2098 tabulis
886 2061 1086 2097 enarrandis
1107 2062 1207 2104 atque
1229 2058 1408 2102 praecipue
1434 2057 1466 2090 in
1493 2064 1651 2090 sermone
1675 2053 1856 2088 formando

680 2119 766 2153 inter
791 2117 1030 2160 Bacchylidem
1056 2118 1156 2159 atque
1181 2113 1369 2148 Homerum
1396 2109 1579 2145 intercedit.

1077 2215 1116 2254 11.
1152 2214 1218 2254 De
1248 2212 1461 2253 Fabulis.

746 2300 860 2344 Usque
885 2299 927 2333 ad
954 2299 1104 2332 nostram
1131 2297 1275 2330 aetatem
1293 2303 1335 2328 ex
1353 2300 1543 2336 permagno
1569 2298 1712 2324 numero
1737 2287 1857 2323 carmi·

680 2364 763 2389 num
788 2353 1020 2397 epiniciorum.
1051 2359 1140 2395 quae
1169 2349 1249 2384 olim
1279 2348 1488 2385 exstiterunt,
1520 2347 1652 2380 tantum
1679 2342 1858 2378 Pindarica

754 2427 771 2459 ¹)
792 2425 833 2453 De
854 2424 1020 2460 Bacchylide
1040 2422 1149 2450 Pindari
1170 2421 1235 2449 artis
1255 2420 1333 2448 socio
1354 2422 1381 2447 et
1400 2419 1537 2446 imitatore
1560 2419 1634 2445 1900.

752 2462 775 2497 ²)
795 2462 828 2490 ct.
850 2461 941 2489 Herm.
962 2460 1089 2502 Schultz:
1122 2458 1163 2486 De
1186 2457 1351 2485 elocutionis
1371 2454 1534 2497 Pindaricae
1552 2453 1646 2481 colore
1665 2451 1754 2487 epico,
1779 2452 1856 2479 1905.

752 2499 775 2534 ⁸)
796 2498 837 2526 De
856 2497 909 2525 hac
929 2505 958 2524 re
978 2497 1042 2523 vide
1061 2495 1170 2522 Mrose:
1214 2493 1255 2521 De
1275 2494 1384 2527 syntaxi
1404 2490 1590 2525 Bacchylidea
1610 2490 1637 2516 et
1656 2487 1778 2516 Schone:
1816 2485 1858 2514 De

680 2536 800 2564 dialecto
821 2533 1015 2568 Bacchylidea‚
1036 2531 1177 2566 Leipziger
1196 2529 1311 2558 Studien
1332 2530 1401 2557 1899
1419 2535 1446 2562 p.
1469 2529 1514 2554 181
1538 2533 1598 2561 sqq.

418 2929 1907 3141 Γῇψφῃ

2249 1274 2260 2690 —m—-w—WW—-aae—m——w—
2250 1168 2255 1260 --———
2250 971 2256 1158 ----—-—--
2251 788 2258 963 W*
2251 714 2255 779 -„.-.
2251 649 2256 699 -—
2250 495 2256 641 κεν-’-
