2226 3133
99 1527 108 2162 *mn-..mm

99 2831 113 2909 ,nun-t:
99 2787 109 2826 uxr.
98 2403 109 2783 :awannam-:annua

147 2904 155 2906 l

1008 563 1183 593 —42-

612 657 643 691 Χ
667 661 709 691 34
734 656 806 692 ἀλλ’
831 657 853 692 τ’)
869 657 948 698 θεὸς
965 659 1090 698 αἴτιος]
1112 663 1143 693 Γ
1160 660 1220 693 164
1238 662 1313 694 θεοί
1333 660 1372 694 νύ
1386 674 1443 704 μοι
1461 662 1565 695 αἴτιοί
1588 663 1682 696 εἰσιν.

613 711 643 745 Χ
667 715 703 745 91
734 710 818 747 ἄλλά
840 726 894 747 νιν
918 740 925 746 .
952 740 958 747 .
985 738 992 745 .
1017 716 1074 747 καί
1097 716 1153 758 βίᾳ
1177 717 1300 758 χειρῶν
1324 713 1487 759 κάτεχοι·.·

723 770 749 801 O
778 768 837 801 186
863 768 892 801 εἴ
913 767 945 811 μ’
970 765 1134 811 ὁμότιμον
1158 767 1257 802 ἐιίιτα
1282 771 1338 812 βίῃ
1364 768 1507 803 α’ίκοντα
1536 772 1680 812 καθέξει.

612 820 667 854 Χ11
693 823 735 855 46
759 823 870 856 λέοντι
896 846 903 854 .
929 846 936 854 .
964 848 970 855 .
995 823 1108 866 ἐφίησι
1132 831 1244 866 χείρω·

717 889 737 909 υ
763 877 803 909 29
826 879 1032 920 μνηστῆρσιν
1055 885 1166 920 χεῖρας
1189 876 1304 921 ἐφήσει

611 928 665 961 XII
696 932 754 962 143
780 930 813 968 ἐς
835 932 954 964 πεδίον
977 928 1092 972 ἅϊξαν;
1119 944 1137 964 ο
1168 934 1226 963 183
1251 930 1349 975 ἤϊξαν
1372 934 1527 965 πεδίονδε

610 981 664 1015 XII
696 986 753 1016 145
779 979 894 1026 ὦρσάν
916 997 951 1016 τε
977 985 1105 1025 φόβονί
1127 988 1160 1017 Ν
1183 987 1245 1017 302
1272 986 1382 1026 φόβον
1406 981 1515 1027 ὦρσεν

610 1036 682 1069 XIV
707 1040 750 1069 40
773 1036 915 1080 κάρυκες
939 1036 1137 1081 ὀρνύμενοιῐ
1159 1043 1183 1071 θ
1204 1041 1267 1071 250
1292 1035 1381 1082 ὦρτο
1407 1042 1440 1073 δὲ
1467 1043 1572 1083 κῆρυξ

607 1089 669 1122 XV
694 1093 714 1123 8
740 1093 846 1134 φρένα
870 1093 1090 1135 τερπόμενοςῐ
1112 1096 1129 1125 I
1159 1094 1218 1125 186
1243 1096 1349 1136 φρένα
1374 1093 1582 1137 τερπόμεναι*

607 1143 668 1176 XV
695 1146 735 1176 24
763 1141 869 1186 ὕφανε
892 1148 1010 1188 μῆτιν.·
1033 1149 1065 1178 II
1087 1148 1151 1178 324
1175 1144 1333 1188 ὑφαίνειν
1355 1150 1456 1190 μῆτιι·

607 1196 680 1230 XVI
711 1201 719 1230 1
751 1201 832 1236 ναῦς
857 1197 957 1241 τάμνε
980 1200 1142 1242 πέλαγος.·
1164 1213 1183 1242 7
1213 1203 1272 1232 174
1295 1202 1440 1243 πέλαγος
1461 1200 1599 1243 τάμνειν

608 1250 681 1283 XVI
708 1253 748 1284 25
773 1254 876 1290 Δίκας
899 1251 1086 1286 τάλαιτον.’
1109 1253 1199 1295 hym.
1226 1253 1261 1286 111
1287 1256 1350 1287 324
1377 1256 1471 1298 δίκης
1495 1254 1642 1288 τάλαντα

607 1304 679 1338 XVI
706 1308 746 1338 72
771 1307 869 1349 χέρας
892 1308 1053 1340 agraeos:
1074 1308 1106 1341 Ξ
1127 1310 1190 1341 495
1215 1316 1301 1351 χεῖρε
1326 1307 1493 1347 ,πετάσσας

607 1358 693 1391 XVII
720 1362 762 1392 40
787 1358 923 1402 ἀνδρῶν
947 1362 1069 1399 σθένος
1093 1361 1206 1404 ἔσχεν.·

715 1416 744 1445 Φ
769 1416 833 1445 308
858 1415 980 1452 σθένος
1004 1413 1123 1458 ἀνέρος
1149 1418 1289 1458 σχῶμεν.

564 1520 612 1554 Ex
651 1520 702 1554 his
735 1519 886 1554 flosculis
921 1520 1003 1555 satis
1040 1524 1176 1564 apparet
1214 1521 1401 1556 Homerum
1441 1523 1517 1557 huic
1555 1526 1674 1566 poetae

496 1574 593 1618 quasi
617 1573 745 1609 fontem
770 1574 885 1613 fuisse.
911 1584 953 1609 ex
978 1585 1044 1618 quo
1061 1585 1143 1610 suas
1161 1576 1348 1610 locutiones
1366 1577 1488 1610 hausit.
1514 1578 1672 1611 Attamen

495 1628 662 1671 quispiam
689 1628 776 1662 dicat
801 1628 941 1662 minime
965 1638 1007 1663 ex
1033 1630 1084 1664 his
1108 1630 1215 1673 sequi,
1241 1632 1276 1664 ut
1298 1631 1518 1674 Bacchylides
1543 1631 1585 1664 ab
1605 1631 1672 1664 Ho-

496 1691 590 1716 mero
615 1683 719 1717 artius
736 1692 837 1726 quarn
857 1683 911 1716 alii
930 1684 1074 1726 pendeat
1091 1684 1170 1727 quia
1188 1685 1276 1727 apud
1295 1694 1417 1719 onmes
1435 1687 1553 1728 poetas
1571 1686 1670 1718 etiam

495 1737 583 1778 apud
610 1735 792 1770 Pindarum
812 1737 894 1771 satis
912 1738 1006 1771 multi
1026 1737 1154 1772 flosculi
1174 1738 1343 1772 Homerici
1372 1739 1512 1772 inveniri
1531 1740 1670 1781 possint.

495 1790 613 1834 Neque
639 1800 766 1834 negare
790 1792 891 1825 velim
911 1791 1093 1826 Pindarum
1112 1803 1247 1836 quoque
1267 1794 1466 1828 Homericas
1484 1794 1670 1828 locutiones

493 1844 699 1878 adhibuisse.
755 1844 916 1879 Carmina
949 1846 1129 1880 Homerica
1161 1847 1321 1881 omnibus
1353 1847 1492 1882 Graecis
1518 1859 1536 1882 a
1562 1849 1669 1891 prima

493 1899 633 1941 pueritia
659 1895 709 1932 ita'
729 1899 761 1932 in
787 1909 923 1934 carnem
949 1902 981 1934 et
1001 1901 1206 1944 sanguinem
1227 1902 1374 1938 abibant.
1401 1905 1434 1936 ut
1453 1912 1554 1936 nemo
1571 1906 1669 1945 poeta

492 1961 560 1986 non
579 1955 629 1986 vel
650 1953 772 1986 invitus
789 1953 950 1988 flosculos
967 1954 1168 1989 Homericos
1186 1955 1353 1990 interdum
1372 1957 1542 1998 proterret.
1573 1958 1668 1990 Max-

492 2006 559 2040 ime
583 2009 696 2040 autem
724 2007 868 2044 interest.
895 2010 1005 2041 utrum
1033 2011 1130 2050 poeta
1157 2009 1208 2042 hic
1233 2012 1332 2052 atque
1350 2010 1414 2043 illic
1432 2011 1579 2053 aliquam
1599 2013 1667 2044 elo-

491 2061 659 2094 cutionem
686 2070 704 2095 e
730 2061 879 2095 Homero
905 2063 1148 2105 deprompserIt
1173 2073 1215 2096 an
1241 2063 1338 2105 quasi
1365 2064 1397 2097 in
1421 2065 1560 2097 modum
1580 2064 1666 2098 servi

490 2124 598 2157 paene
623 2124 758 2158 semper
781 2115 982 2149 Homericas
1006 2116 1212 2150 elocutiones
1245 2117 1402 2151 adhibeat
1435 2118 1553 2160 partim
1588 2127 1666 2151 con-

490 2168 565 2202 silio
591 2168 706 2202 leviter
730 2169 886 2203 variatas.
934 2170 1042 2212 Atque
1067 2170 1188 2212 duplici
1215 2171 1343 2204 ratione
1361 2171 1582 2214 Bacchylides
1607 2181 1666 2206 eas

490 2222 522 2255 in
548 2231 648 2256 usum
675 2232 774 2256 suum
801 2223 905 2256 vertit.
953 2224 1019 2256 Aut
1044 2233 1104 2265 pro
1137 2224 1274 2257 nomine
1307 2226 1363 2258 aut
1396 2235 1455 2266 pro
1486 2225 1590 2259 verbo
1623 2226 1664 2259 ab

489 2275 640 2310 Homero
666 2276 815 2311 adhibito
841 2277 930 2310 aliud
956 2278 1128 2320 quoddam
1147 2287 1363 2321 synonymon
1382 2280 1503 2322 posuit.
1537 2279 1595 2314 Ex.
1614 2291 1664 2324 gr.

490 2329 542 2362 hic
567 2331 664 2372 poeta
688 2339 730 2364 ex
757 2330 906 2365 Homero
932 2331 1095 2365 formulas
1120 2335 1196 2366 λῦσε
1222 2335 1254 2366 δὲ
1282 2341 1357 2376 γυῖα
1382 2336 1432 2367 vel
1464 2333 1552 2378 λύθη
1580 2337 1666 2379 wop}

487 2397 523 2417 τε
545 2386 645 2428 μένος
675 2398 709 2419 τε
741 2385 948 2427 deprompsit
981 2387 1080 2428 atque
1111 2395 1187 2419 cum
1222 2396 1281 2429 pro
1313 2396 1395 2421 voce
1429 2388 1516 2432 ψυχή
1545 2397 1662 2422 vocem

487 2437 574 2472 αἰών
605 2438 706 2481 ponit.
740 2448 862 2473 novam
896 2439 1075 2473 formulam
1109 2440 1205 2474 αἰῶν’
1238 2441 1354 2475 Uvam·
1386 2441 1495 2476 efficit.
1556 2444 1664 2486 Atque

487 2491 679 2527 videbimus
698 2493 933 2536 Bacchylidem
959 2503 1025 2537 qua
1051 2497 1163 2536 posset
1186 2495 1314 2528 ratione
1333 2496 1520 2529 locutiones
1538 2496 1663 2530 Home-
