2303 3141
1103 541 1278 571 ,7.-

603 655 702 680 suam
727 643 942 687 conjunctam
968 649 1053 674 esse.
1093 638 1181 672 Tum
1200 636 1364 670 Hercules
1384 630 1549 674 Meleagri
1575 631 1664 663 sorte
1688 636 1779 661 com-

604 701 717 734 motus
742 697 860 732 dicitur
877 695 1034 729 lacrimas
1050 692 1179 726 fudisse
1195 693 1227 724 et
1245 688 1423 723 hominum
1444 685 1615 720 fortunam
1641 684 1781 726 questus

604 762 690 788 esse.
731 750 792 786 Cui
811 750 933 784 deinde
955 757 997 782 ex
1014 747 1189 789 Meleagro
1207 741 1391 787 quaerenti.
1418 749 1500 774 num
1519 736 1610 772 domi
1628 744 1779 770 sororem

605 808 656 842 sui
681 806 827 841 similem
853 801 1031 846 reliquerit,
1057 809 1159 844 quam
1190 798 1223 831 in
1254 794 1510 830 matrimonium
1535 792 1698 825 ducturus
1729 788 1781 825 sit,

606 862 660 895 ille
685 859 881 894 Deianiram
907 856 1070 890 nominat.
1119 853 1163 886 lta
1189 850 1419 892 Bacchylides.

674 914 773 948 Nunc
797 912 824 946 si
850 910 1030 955 quaeritur,
1063 918 1103 942 ex
1129 915 1196 950 quo
1221 905 1312 939 fonte
1337 905 1436 946 poeta
1468 900 1591 944 lyricus
1622 896 1782 932 hauserit.

607 979 685 1004 eum
711 969 744 1002 in
770 967 880 1011 priore
895 965 1031 999 fabulae
1053 964 1147 1006 parte
1164 960 1351 994 Homerum
1377 955 1472 999 sequi
1498 955 1645 997 apparet.
1694 950 1782 984 Nam

608 1027 639 1058 et
664 1023 753 1066 apud
787 1021 975 1055 Homerum
1005 1020 1037 1051 et
1069 1016 1157 1059 apud
1190 1012 1427 1055 Bacchylidem
1454 1009 1564 1043 Diana
1596 1013 1784 1050 permagna

608 1078 658 1112 ira
682 1077 715 1111 in
741 1074 898 1110 Oeneum
931 1072 1051 1106 affecta
1079 1072 1139 1107 est.
1171 1068 1211 1101 οῖ’.
1238 1067 1338 1100 Hom.
1365 1065 1385 1101 1.
1417 1067 1480 1098 537
1506 1071 1556 1105 sq.
1589 1059 1716 1095 ἀάσατο
1749 1060 1785 1092 δὲ

607 1134 688 1176 μέγα
710 1133 820 1174 θυμῷ.
847 1126 867 1172 ἡ
890 1129 923 1161 δὲ
946 1125 1162 1170 χολωσαμένη
1192 1130 1269 1155 cum
1297 1119 1451 1160 Bacchyl.
1477 1115 1517 1154 V,
1547 1118 1613 1148 103·
1633 1122 1682 1156 sq.
1712 1109 1786 1146 ἀλλ’

609 1185 772 1220 ἀνίκατον
794 1181 858 1216 θεὰ
878 1182 882 1225 l
900 1182 994 1224 ἔσχεν
1010 1178 1122 1223 χόλον.
1171 1173 1391 1216 Bacchylides
1415 1179 1499 1205 sane
1524 1178 1592 1203 non
1610 1167 1696 1204 dicit,
1719 1174 1786 1209 qua

610 1240 652 1274 de
687 1246 792 1272 causa
831 1235 942 1269 Diana
979 1232 1150 1269 irascatur,
1191 1229 1280 1273 quod
1318 1227 1490 1260 Homerus
1529 1221 1785 1257 commemorat.

610 1292 660 1328 Cf.
686 1293 696 1326 I
721 1295 784 1326 535
810 1299 877 1333 sq.:
914 1287 1010 1323 ἄλλοι
1037 1289 1072 1321 δὲ
1098 1288 1174 1320 θεοὶ
1199 1280 1356 1318 δαίνυνθ’
1379 1279 1566 1323 ἑκατόμβας

842 1345 896 1386 οἴῃ
921 1340 1016 1377 δὀὐκ
1040 1342 1149 1384 ἔρρεξε
1173 1337 1254 1377 Διὸς
1277 1335 1382 1379 κούρῃ
1399 1333 1555 1378 μεγάλοιο

844 1397 864 1442 ἢ
893 1394 1009 1431 λάθετ’
1039 1393 1060 1439 ἢ
1092 1392 1154 1428 οὐκ
1179 1391 1327 1436 ἐνόησεν.

678 1456 789 1498 Atque
819 1453 892 1489 dea.
934 1452 969 1484 ut
999 1458 1037 1482 se
1067 1447 1293 1483 ulcisceretur,
1326 1443 1512 1477 immanem
1544 1441 1576 1473 et
1606 1437 1786 1472 terribilem

613 1518 732 1552 aprum
757 1506 858 1544 misit,
889 1505 946 1548 qui
970 1506 1093 1537 terram
1119 1499 1343 1543 Calydoniam
1372 1495 1537 1530 vastabat.
1592 1492 1694 1535 Quod
1720 1490 1788 1524 Ho-

613 1571 728 1598 merus
752 1562 866 1595 narrat
889 1569 919 1592 v.
945 1561 1010 1592 539
1035 1565 1126 1599 sqq.:

765 1612 874 1659 ὦρσεν
899 1614 953 1648 ἔπι
979 1610 1126 1656 χλούνην
1154 1612 1216 1643 σῦν
1241 1606 1360 1651 ἄγριον
1384 1603 1597 1648 ἄγριόδοιτα,

764 1667 803 1709 ὃς
824 1666 910 1703 κακὰ
930 1664 1030 1701 πόλλ’
1051 1666 1205 1708 ἔρδεσκεν
1226 1663 1319 1696 ἔθων
1342 1661 1465 1703 Οἰνῆος
1485 1655 1617 1700 ἀλωήν·

765 1721 875 1758 πολλὰ
893 1720 923 1756 δ’
938 1718 960 1755 ὅ
975 1734 1010 1764 γε
1027 1721 1244 1763 προθέλυμω
1261 1717 1362 1760 χαμαὶ
1380 1713 1460 1755 βάλε
1477 1713 1615 1754 δένδρεα
1631 1706 1742 1753 μακρά

767 1776 908 1820 αὐτῇσιν
933 1775 1040 1818 ῥίζῃσι
1066 1775 1122 1807 καὶ
1150 1770 1266 1810 αὐτοῖς
1292 1768 1410 1803 ἄνθεσι
1434 1765 1561 1810 μήλων.

683 1833 732 1867 Ex
756 1831 879 1875 quibus
896 1831 996 1872 plane
1013 1828 1121 1861 elucet
1138 1834 1256 1868 aprum
1275 1824 1405 1857 nullum
1424 1820 1514 1854 aliud
1537 1819 1665 1852 malum
1683 1813 1792 1850 Oenei

616 1890 725 1922 terrae
749 1885 902 1920 intulisse
927 1883 991 1916 nisi
1016 1889 1120 1926 agros
1143 1881 1306 1913 vastasse.
1355 1875 1444 1910 Nam
1469 1881 1589 1907 versus
1614 1873 1693 1905 546:

746 1939 868 1979 τόσσος
891 1939 959 1983 ἔην,
982 1933 1132 1974 πολλοὺς
1155 1936 1190 1968 δὲ
1210 1935 1319 1976 πυρῆς
1343 1927 1477 1973 ἐπέβι]σ’
1500 1926 1671 1971 ἀλεγεινῆς

617 1997 692 2032 sine
716 1995 818 2030 dubio
844 1994 886 2027 ad
911 1994 1100 2027 venatores,
1131 1997 1199 2023 non
1225 1988 1267 2021 ad
1293 1983 1478 2028 Calydonis
1504 1982 1632 2016 incolas
1656 1980 1793 2022 spectat.

685 2049 869 2093 Quomodo
895 2047 984 2090 apud
1011 2043 1249 2086 Bacchylidem
1274 2049 1356 2084 aper
1371 2042 1479 2073 terrae
1497 2034 1648 2071 nocuerit
1665 2032 1794 2067 inveni-

619 2114 696 2140 mus
721 2104 754 2138 in
778 2112 809 2137 v.
839 2103 999 2136 107-llo:

834 2158 918 2191 ἔνθα
938 2152 1147 2199 πλημμύρων
1168 2152 1279 2185 σθένει

725 2211 848 2257 ὄρχους
871 2211 1040 2251 ἐπέκειρειι·
1062 2205 1191 2243 ὀδόντι,

835 2264 939 2307 σφάζε
955 2277 990 2298 τε
1006 2265 1105 2307 μῆλα,
1123 2262 1258 2304 βροτῶν

834 2318 871 2354 θ’
885 2316 980 2358 ὅστις
996 2315 1153 2351 εἰσάνταν
1167 2315 1273 2358 μόλοι.

621 2379 731 2421 Atque
755 2376 945 2409 monstrum
964 2380 1031 2405 non
1057 2371 1168 2404 solum
1193 2370 1316 2401 terram
1334 2366 1499 2399 vastasse.
1525 2361 1584 2395 sed
1609 2359 1711 2394 etiam
1739 2358 1798 2391 ho-

622 2431 733 2466 mines
765 2436 960 2474 gregesque
984 2423 1191 2459 interfecisse
1215 2421 1248 2455 hi
1282 2427 1403 2454 versus
1438 2418 1541 2451 testes
1573 2415 1662 2449 sunt.
1726 2411 1799 2446 Hoc

623 2488 697 2520 loco
729 2483 831 2528 igitur
861 2479 1082 2523 Bacchylides
1114 2476 1216 2514 auxit,
1248 2483 1336 2518 quae
1366 2472 1538 2506 Homerus
1571 2467 1687 2505 attulit.
1720 2474 1798 2500 curn
