2226 3133
970 569 1080 600 -·5()
1104 586 1146 590 .-

534 659 576 690 20
600 656 749 699 νιφόεσσ’
775 658 892 701 Αἴτνα,
916 659 1062 701 πανέτης

598 710 712 755 χιόνος
736 709 846 754 ὀξείας
868 712 991 756 τιθήνα
1006 720 1015 730 ·

597 768 658 805 τᾶς
681 764 874 810 ἐρεύγονται
897 767 958 810 μὲν
981 763 1132 800 ἀπλάτου
1155 764 1262 810 πυρὸς
1286 763 1467 810 ἁγνόταται

597 821 634 854 ἐκ
657 823 774 864 μυχῶν
797 822 922 865 παγαί·
946 822 1092 864 ποταμοὶ
1117 819 1149 853 δ’

709 872 882 918 ἁμέραισιν
904 876 965 919 μὲν
987 876 1165 918 προχέοντι
1190 873 1274 918 ῥόον
1296 877 1429 909 καπνοῦ

597 927 742 962 αἴθων’·
767 927 838 962 ἀλλ’
864 929 901 962 ἐν
923 927 1106 971 ὄρφναισιν
1128 930 1252 971 πέτρας

597 985 754 1025 φοίνισσα
779 984 1000 1026 κυλινδομένα
1026 981 1113 1024 φλὸξ
1136 983 1169 1021 ἐς
1193 985 1337 1023 βαθεῖαν
1361 984 1454 1025 φέρει

705 1037 834 1070 πόντου
857 1035 968 1070 πλάκα
994 1035 1056 1070 σὺν
1078 1035 1228 1080 πατάγῳ.

528 1093 569 1124 25
594 1098 685 1124 κεῑνο
711 1088 947 1132 δ’Ἀφαίστοιο
972 1089 1137 1134 κρουνοὺς
1163 1089 1303 1134 ἑρπετόν

594 1143 809 1183 δεινοτάτους
833 1143 1017 1188 α’ναπέμπει
1032 1153 1040 1163 ⁸
1064 1147 1161 1188 τέρας
1184 1146 1245 1188 μὲν
1268 1144 1460 1188 θαυμάσιον

703 1200 936 1242 προσιδέσθαι,
963 1201 1076 1242 θαῦμα
1102 1200 1136 1232 δὲ
1161 1201 1215 1232 καὶ
1240 1198 1439 1243 παρεόντων
1463 1198 1616 1242 ἀκοῦσαι,

593 1251 669 1287 οἷον
692 1254 818 1292 Αἴτνας
842 1254 878 1286 ἐν
900 1252 1150 1296 μελαμφύλλοις
1174 1255 1303 1287 δέδεται
1328 1262 1494 1296 κορυφαῖς

591 1309 647 1341 καὶ
671 1309 774 1350 πέδῳ,
800 1305 956 1351 στρωμνὰ
981 1309 1015 1341 δὲ
1039 1306 1231 1351 χαράσσοισ’
1258 1304 1349 1341 ἅπαν

703 1364 815 1395 νῶτον
837 1363 1114 1404 ποτικεκλιμένον
1137 1369 1254 1395 κεντεῖ.

530 1413 678 1448 Dubium
705 1424 772 1447 non
799 1416 858 1452 est,
883 1414 962 1457 quin
990 1414 1042 1448 hic
1067 1416 1160 1448 locus
1184 1416 1274 1449 velut
1299 1414 1426 1448 flumen
1453 1416 1494 1449 de
1521 1418 1636 1450 monte

462 1477 624 1511 praeceps
649 1469 831 1502 decurrens
856 1469 993 1502 auribus
1018 1469 1188 1512 obstrepat
1212 1472 1311 1513 atque
1330 1472 1431 1512 longe
1449 1480 1468 1503 a
1488 1470 1635 1514 Bacchy-

462 1522 537 1556 lidis
561 1531 719 1556 sermone
743 1522 859 1566 gracili
886 1525 984 1566 atque
1009 1523 1155 1566 eleganti
1181 1523 1368 1557 abhorreat.
1419 1523 1536 1567 Neque
1567 1526 1634 1558 ullo

461 1578 535 1610 loco
560 1578 652 1610 color
669 1576 870 1610 Homericus
896 1579 1052 1619 perlucet,
1077 1587 1284 1621 quamquam
1308 1577 1475 1612 Pindarus
1499 1588 1634 1622 quoque

460 1639 527 1664 non
561 1640 636 1664 raro
668 1630 832 1664 formulas
864 1633 920 1664 aut
953 1631 1147 1665 immutatas
1179 1633 1235 1666 aut
1266 1631 1382 1666 leviter
1413 1634 1560 1666 mutatas
1592 1642 1632 1667 ex

460 1684 610 1719 Homero
640 1685 856 1728 deprompsit.
905 1684 953 1720 Cf.
985 1686 1073 1719 enim
1104 1696 1133 1719 v.
1161 1689 1200 1720 22
1230 1689 1409 1730 προχέοντι
1439 1686 1522 1730 ῥόοι·
1555 1696 1630 1720 cum

459 1739 559 1772 Hom.
587 1743 616 1772 ‹l›
641 1742 704 1774 219
729 1739 872 1783 δύναμαι
896 1743 1051 1784 προχέειν
1075 1740 1158 1784 ῥόον
1183 1766 1189 1772 .
1217 1766 1222 1772 .
1250 1766 1256 1773 .
1282 1743 1333 1774 vel
1359 1751 1388 1774 v.
1421 1741 1486 1776 19b
1513 1744 1631 1784 στέρνα

457 1793 641 1836 λαχνάεντα
673 1802 749 1826 cum
784 1793 883 1827 Hom.
915 1798 949 1827 Σ
973 1797 1036 1827 415
1071 1793 1195 1838 στήθεα
1228 1794 1412 1839 λαχνήεντα
1444 1796 1495 1828 Vel
1529 1804 1558 1828 V.
1591 1798 1630 1828 26

457 1849 570 1890 θαῦμα
591 1845 733 1881 ἀκοῦσαι
758 1849 789 1880 et
812 1849 1000 1890 θαυμάσιον
1024 1850 1120 1891 τέρας
1143 1850 1444 1891 προσιδέσθαιςυῐῃ
1476 1848 1575 1882 Hom.
1603 1852 1633 1882 Is

457 1903 521 1934 439
546 1904 659 1943 θαῦμα
687 1902 827 1934 ἰδέσθαι.
876 1899 944 1935 Cur
977 1903 1089 1935 autem
1124 1911 1237 1935 sermo
1273 1899 1480 1937 Pindaricus.
1512 1912 1629 1945 quam-

455 1963 557 1996 quam
585 1953 770 1987 locutiones
789 1954 926 1988 Homeri
952 1955 1108 1993 continet,
1134 1956 1248 1989 tamen
1275 1966 1293 1989 a
1318 1958 1429 1989 colore
1449 1956 1629 1990 Homerico

455 2008 524 2040 toto
571 2009 666 2041 caelo
713 2007 897 2042 abhorret?
968 2008 1117 2042 Primum
1166 2009 1301 2052 quidem
1352 2009 1518 2044 Pindarus
1559 2020 1626 2044 non

454 2061 522 2094 tam
549 2062 673 2094 multos
698 2061 859 2095 flosculos
883 2071 925 2095 ex
952 2061 1101 2095 Homero
1127 2063 1342 2105 deprompsit.
1391 2063 1476 2096 Tum
1504 2066 1627 2100 autem.

453 2115 543 2158 quod
571 2124 646 2148 mea
671 2115 836 2148 sententia
861 2118 959 2157 caput
984 2118 1043 2152 est.
1070 2118 1167 2158 poeta
1192 2116 1376 2150 Thebanus
1401 2126 1536 2159 semper
1560 2121 1627 2150 stu-

453 2168 534 2207 duit,
566 2170 600 2201 ut
626 2177 715 2201 nova
740 2170 839 2211 atque
865 2178 932 2201 non
959 2169 1072 2202 audita
1103 2169 1259 2207 efficeret,
1292 2171 1381 2212 quod
1409 2171 1628 2213 Bacchylides

452 2222 609 2265 quamvis
634 2222 666 2255 in
693 2222 848 2265 epithetis
870 2222 1080 2260 adhibendis.
1105 2224 1218 2256 tamen
1237 2223 1376 2257 minime
1394 2224 1426 2257 in
1445 2225 1628 2259 enuntiatis

451 2275 624 2319 fingendis
648 2275 732 2309 fecit.
783 2276 844 2309 Hic
874 2276 1034 2309 flosculos
1066 2277 1185 2309 eodem
1219 2278 1331 2314 modo.
1364 2287 1430 2320 quo
1457 2278 1628 2313 Homerus

451 2338 511 2362 eos
535 2330 718 2370 conjunxit,
745 2330 815 2363 suis
840 2329 1046 2363 carminibus
1070 2330 1216 2364 inseruit.
1252 2330 1418 2366 Pindarus
1436 2334 1548 2366 autem
1567 2342 1627 2367 eos

450 2391 527 2416 cum
554 2383 761 2427 imaginibus
787 2393 854 2418 non
881 2383 1006 2418 detritis
1029 2384 1203 2429 conjungit
1221 2387 1320 2429 atque
1337 2386 1521 2420 confundit.
1548 2387 1626 2431 Qua

451 2446 485 2470 re
510 2439 601 2471 color
627 2437 828 2472 Homericus
852 2440 950 2481 plane
979 2438 1178 2473 obscuratur
1209 2443 1239 2474 et
1273 2441 1300 2474 is
1332 2450 1444 2475 sermo
1477 2441 1624 2485 fingitur.

449 2491 505 2535 qui
532 2491 666 2525 Pindari
692 2492 796 2536 ipsius
825 2492 979 2536 proprius
1008 2495 1067 2527 est.
1116 2495 1223 2537 Atque
1256 2494 1343 2529 idem
1377 2494 1622 2538 Quintilianum
