2303 3141
1025 553 1202 584 -6-

525 648 659 681 servata
683 650 788 682 erant.
835 648 966 682 Tamen
998 649 1065 683 iam
1091 659 1133 683 ex
1158 649 1207 684 eis
1238 651 1400 694 cognosci
1435 653 1564 694 poterat
1593 662 1701 695 paene

525 709 661 743 semper
692 701 723 734 in
755 701 906 744 epiniciis
930 702 1081 736 fabulam
1110 703 1258 747 aliquam
1292 704 1406 739 fuisse.
1475 705 1575 749 Quod
1611 716 1701 740 nunc

526 754 737 798 Bacchylidis
761 755 968 790 carminibus
990 758 1089 799 plane
1111 757 1280 800 probatur.
1318 759 1351 792 ln
1370 759 1422 793 his
1439 769 1574 803 quoque
1591 770 1701 803 paene

523 809 683 842 omnibus
707 811 836 852 partem
863 811 1045 853 mythicam
1071 810 1274 846 invenimus.
1323 812 1471 847 Dubium
1498 814 1600 857 igitur
1630 824 1698 849 non

523 864 582 901 est,
614 863 694 906 quin
727 865 863 907 mythus
895 864 1046 907 epiniciis
1077 865 1278 906 conjunctus
1306 866 1444 910 tuerit.ยน)
1499 867 1577 911 Qua
1605 871 1699 912 parte

522 917 669 960 mythica
693 917 832 952 victoria
860 918 1075 953 cellebranda
1107 919 1262 954 illustrari
1293 921 1432 955 solebat.
1489 924 1597 966 Atque
1623 923 1698 957 Pin-

522 970 624 1004 darus
648 970 782 1005 fabulas
807 981 827 1005 a
852 972 1038 1007 maioribus
1066 973 1206 1007 traditas
1233 983 1300 1008 non
1332 985 1408 1009 raro
1434 976 1574 1010 mutavit
1599 979 1698 1020 atque

522 1024 690 1058 recreavit.
739 1024 903 1068 Quaestio
929 1026 1031 1070 igitur
1054 1028 1114 1065 est,
1140 1037 1222 1061 num
1248 1027 1469 1072 Bacchylides
1494 1040 1628 1074 quoque
1653 1031 1696 1065 ita

520 1078 635 1121 egerit.
698 1079 750 1113 Ad
792 1080 855 1114 hoc
892 1074 1153 1115 discernendum
1199 1082 1299 1116 nobis
1345 1085 1590 1126 explorandum
1636 1088 1695 1122 est.

519 1141 618 1175 quem
645 1133 688 1166 ad
714 1134 854 1167 modum
880 1134 1100 1178 Bacchylides
1132 1136 1267 1179 mythos
1291 1146 1333 1171 ex
1359 1137 1509 1171 Homero
1541 1142 1696 1182 sumptos

519 1186 716 1220 tractaverit.

585 1240 619 1274 ln
646 1240 762 1283 primis
787 1243 899 1276 autem
925 1243 999 1277 sine
1024 1243 1127 1278 dubio
1144 1254 1281 1279 carmen
1299 1245 1452 1289 quintum
1471 1249 1693 1290 spectandum

517 1296 576 1328 est.
647 1294 709 1329 Ubi
744 1297 842 1338 poeta
876 1298 954 1330 ante
987 1298 1104 1332 oculos
1137 1299 1286 1338 collocat,
1321 1302 1494 1344 quomodo
1532 1302 1694 1336 l-lercules

517 1348 605 1390 apud
636 1348 762 1383 inferos
787 1359 863 1383 cum
895 1351 1072 1395 Meleagro
1103 1353 1352 1396 congrediatur.
1409 1355 1496 1388 Nam
1531 1355 1694 1391 Hercules

517 1402 559 1435 ad
594 1401 720 1437 inferos
754 1404 984 1444 descenderat,
1020 1407 1055 1439 ut
1091 1405 1275 1441 Cerberum
1308 1408 1341 1442 in
1374 1411 1483 1443 lucem
1521 1410 1692 1453 proferret.

515 1457 625 1500 Atque
650 1457 694 1491 ibi
719 1459 861 1493 umbrae
885 1469 1006 1494 omnes
1031 1470 1109 1494 eum
1134 1461 1296 1506 fugerunt
1318 1464 1450 1506 praeter
1465 1464 1691 1509 Meleagrum,

515 1511 571 1555 qui
601 1512 705 1546 armis
736 1513 846 1547 nitens
878 1515 1059 1549 adversum
1093 1517 1190 1550 stetit.
1245 1516 1357 1561 Quem
1384 1518 1503 1552 videns
1528 1519 1692 1554 Hercules

515 1565 626 1599 statim
653 1567 694 1599 ad
721 1576 872 1611 pugnam
903 1577 940 1602 se
970 1570 1072 1611 parat.
1129 1570 1183 1604 Ille
1209 1573 1322 1605 autem
1349 1575 1473 1609 monet.
1507 1583 1549 1607 ne
1575 1583 1690 1608 arcum

514 1618 547 1652 in
574 1619 730 1654 umbram
755 1622 880 1655 tendat.
935 1623 1044 1666 Atque
1077 1623 1212 1658 Herculi
1244 1625 1495 1668 obstupescenti
1527 1637 1691 1671 quaeren-

513 1672 613 1717 tique,
648 1674 724 1717 quis
748 1677 848 1709 talem
874 1676 984 1710 virum
1009 1678 1165 1720 genuerit
1189 1681 1221 1713 et
1245 1679 1320 1723 quis
1345 1682 1413 1714 tam
1439 1681 1560 1715 fortem
1587 1683 1690 1716 auda-

513 1736 655 1771 cemque
692 1729 829 1763 heroem
872 1730 1080 1770 interfecerit,
1113 1733 1289 1778 Meleager
1320 1736 1443 1773 narrat,
1476 1736 1552 1779 quis
1579 1737 1690 1771 exitus

512 1790 596 1815 suus
614 1782 720 1817 fuerit.
770 1783 915 1818 Dianam
941 1785 985 1819 ait
1010 1795 1086 1820 cum
1113 1796 1133 1820 a
1152 1790 1245 1830 patre
1263 1787 1382 1823 Oeneo
1408 1792 1563 1833 neglecta
1589 1793 1686 1830 esset,

512 1845 630 1878 aprum
667 1846 833 1881 magnum
869 1839 901 1872 in
932 1849 1035 1883 agros
1061 1839 1268 1884 Calydonios
1302 1843 1444 1882 misisse,
1482 1844 1538 1887 qui
1573 1845 1689 1880 hortos

511 1891 712 1925 vastavisset
749 1894 781 1926 et
805 1894 952 1935 pecudes
977 1895 1164 1930 occidisset.
1201 1896 1287 1930 Tum
1307 1898 1452 1940 optimos
1470 1898 1687 1935 fortissimos-

510 1954 576 1987 que
616 1944 767 1980 Graecos
801 1947 950 1991 undique
984 1949 1195 1990 convenisse,
1233 1952 1267 1984 ut
1303 1961 1421 1995 aprum
1452 1953 1685 1989 interficerent.

510 1998 659 2032 Bestiam
685 2001 797 2033 autem
824 2003 956 2043 praeter
986 2004 1111 2037 multos
1142 2004 1228 2038 alios
1252 2006 1427 2040 Ancaeum
1461 2008 1492 2041 et
1517 2009 1685 2052 Agelaum

508 2051 628 2087 fratres
664 2053 838 2089 occidisse.
895 2055 1048 2100 Denique
1085 2067 1204 2100 aprum
1246 2069 1380 2104 quoque
1416 2062 1566 2096 occisum
1599 2072 1684 2098 esse.

507 2105 574 2141 Sed
602 2107 649 2141 ira
676 2107 805 2143 Dianae
830 2111 982 2144 nondum
1008 2113 1139 2154 placata
1171 2113 1212 2147 de
1243 2116 1330 2157 pelle
1360 2117 1501 2150 monstri
1531 2127 1683 2161 pugnam

508 2161 593 2196 inter
609 2163 748 2197 Aetolos
772 2165 804 2197 et
821 2162 962 2199 Curetes
979 2168 1131 2200 exortam
1158 2176 1243 2202 esse.
1293 2168 1371 2212 Quo
1396 2169 1429 2203 in
1455 2171 1582 2212 proelio
1601 2172 1684 2215 lphi-

507 2216 596 2250 clum
633 2218 665 2250 et
695 2218 915 2260 Apharetum,
953 2220 1069 2255 matris
1102 2220 1231 2260 fratres,
1265 2232 1324 2265 pro
1357 2224 1461 2266 portis
1497 2224 1683 2263 Pleuronis.

507 2269 668 2305 Curetum
702 2272 803 2311 urbis,
841 2283 860 2306 a
889 2283 927 2308 se
952 2273 1143 2309 interfectos
1174 2285 1260 2311 esse.
1309 2276 1388 2321 Quo
1419 2278 1507 2313 tacto
1540 2283 1682 2315 matrem

507 2323 624 2358 iratam
660 2325 722 2359 sibi
761 2327 891 2370 lignum
917 2329 1148 2363 combussisse
1172 2332 1204 2364 et
1228 2331 1330 2365 vitam
1358 2333 1537 2368 ademisse.
1594 2335 1681 2369 Nam

506 2380 695 2413 secundum
722 2379 904 2415 Parcarum
937 2382 1210 2418 vaticinationem
1243 2394 1319 2419 cum
1353 2386 1417 2420 hac
1447 2388 1547 2422 taeda
1579 2389 1681 2423 vitam

504 2497 556 2523 286
579 2460 600 2495 ยน)
620 2460 661 2488 De
690 2462 868 2496 epiniciorum
899 2464 1100 2498 compositione
1129 2465 1162 2493 ci.
1192 2466 1260 2493 Blass
1294 2467 1319 2494 in
1353 2467 1424 2497 Mus.
1480 2469 1566 2498 Rhen.
1595 2473 1628 2498 53
1655 2479 1680 2506 p.

576 2504 616 2532 sq.
