2226 3133
1107 534 1282 562 -45—

713 626 768 659 XII
793 629 834 660 63
861 624 943 661 ὅταν
968 627 1132 661 θανάτοιο
1157 627 1301 662 κυάνεον
1326 630 1428 670 νέφος
1452 628 1605 671 καλύψῃ·

820 683 840 714 ὁ
868 685 927 714 180
953 678 1007 715 ὅτε
1032 683 1196 715 θανάτοιο
1219 684 1324 724 μέλαν
1349 684 1451 724 νέφος
1475 681 1724 726 ἀμφεκάλυψεν.

712 733 766 766 XII
792 737 833 768 64
860 738 1006 769 λείπεται
1031 734 1207 769 ἀθάνατον
1231 738 1344 775 κλεός.·

819 793 836 821 I
860 792 922 821 413
947 787 1031 832 α’τᾶρ
1056 791 1152 828 κλέος
1177 788 1328 831 ἄφθιτον
1352 790 1443 824 ἔσται

712 841 783 875 XVI
814 846 850 875 17
873 845 978 886 μέλαν
1002 841 1098 877 δ’ὖπ’
1123 841 1267 887 ὀφρύων
1292 846 1427 878 δίνασεν
1451 843 1555 887 ὅμμαί

818 900 846 929 Ρ
867 898 931 930 679
956 895 1033 931 ὄσσε
1059 895 1188 939 φαεινώ
1212 897 1358 932 πάντοσε
1384 900 1567 942 δινείσθην.

669 949 717 983 Ex
745 949 796 983 his
820 950 1018 993 planissime
1042 952 1150 984 elucet
1172 951 1408 994 Bacchylidem
1427 955 1612 994 permultas
1641 953 1778 986 elocuti-

601 1012 685 1036 ones
710 1013 751 1037 ex
778 1003 927 1038 Homero
953 1005 1203 1047 deprompsisse
1228 1007 1327 1048 atque
1349 1007 1407 1039 aut
1423 1005 1620 1040 immutatas
1636 1008 1693 1040 aut
1710 1016 1777 1049 qua

601 1058 714 1098 posset
732 1057 860 1091 ratione
878 1060 1024 1092 mutatas
1037 1059 1251 1102 variatasque
1269 1059 1339 1093 suis
1357 1059 1565 1094 carminibus
1583 1060 1775 1094 inseruisse.

600 1109 649 1144 Ex
675 1110 976 1146 innumerabilibus
994 1115 1106 1146 autem
1130 1113 1211 1146 locis
1230 1113 1379 1151 Homeri,
1405 1123 1491 1156 quos
1513 1114 1545 1147 in
1566 1114 1776 1156 Bacchylidis

599 1165 765 1206 poematis
790 1165 991 1203 invenimus.
1018 1167 1290 1200 concludendum
1316 1176 1391 1200 esse
1418 1167 1497 1200 mihi
1523 1167 1656 1201 videtur
1686 1169 1776 1201 hunc

599 1221 732 1260 poetam
765 1221 822 1253 aut
846 1221 952 1253 totum
985 1220 1055 1254 iere
1080 1220 1266 1254 Homerum
1301 1221 1495 1254 memoriter
1525 1221 1685 1259 tenuisse,
1719 1223 1775 1254 aut

599 1281 675 1305 cum
701 1281 837 1306 carmen
864 1273 1040 1311 condebat,
1068 1274 1206 1307 Homeri
1231 1274 1382 1307 carmina
1408 1276 1652 1316 perscrutatum
1686 1284 1772 1313 esse.

598 1327 633 1358 ut
657 1326 865 1360 elocutiones
892 1327 1031 1361 idoneas
1056 1327 1199 1361 eliceret.
1248 1328 1321 1361 Hoc
1345 1328 1458 1361 verius
1483 1337 1559 1362 esse
1583 1329 1685 1362 etiam
1711 1329 1774 1362 hac

596 1379 831 1413 observatione
857 1380 1025 1422 probatur.
1061 1380 1096 1415 Si
1125 1381 1251 1415 indices
1275 1390 1377 1424 supra
1403 1383 1522 1415 allatos
1539 1382 1772 1425 perspicimus.

595 1442 635 1466 ea
665 1436 823 1476 poemata
847 1437 996 1477 parvula,
1029 1444 1116 1478 quae
1141 1444 1160 1468 a
1187 1438 1284 1478 poeta
1309 1445 1350 1469 ex
1383 1438 1534 1478 tempore
1567 1436 1655 1470 facta
1684 1439 1771 1474 sunt,

595 1489 694 1529 plane
719 1487 822 1522 libera
846 1497 922 1522 esse
947 1488 988 1522 ab
1014 1489 1203 1523 Homericis
1224 1489 1470 1524 elocutionibus
1494 1491 1660 1525 videmus.
1711 1491 1769 1525 Ex.

593 1550 643 1584 gr.
670 1541 810 1576 nomino
835 1542 986 1576 carmina
1011 1545 1166 1586 quartum
1193 1545 1225 1577 et
1249 1545 1383 1578 sextum
1398 1545 1430 1586 ¹).
1479 1543 1606 1578 Contra
1636 1555 1675 1578 ea
1701 1555 1770 1579 car-

594 1595 696 1633 mina.
722 1605 809 1639 quae
835 1596 963 1631 maiore
988 1606 1068 1631 cura
1093 1598 1254 1640 perpolita
1279 1600 1367 1635 sunt.
1401 1598 1482 1633 locis
1508 1599 1646 1633 Homeri
1672 1600 1769 1643 quasi

593 1650 777 1684 abundant.
822 1651 854 1684 ln
873 1651 1023 1685 carmine
1040 1652 1129 1685 enim
1148 1652 1274 1695 quinto,
1301 1654 1390 1696 quod
1409 1653 1483 1687 sine
1501 1653 1603 1687 dubio
1622 1653 1767 1696 primurn

593 1705 702 1737 locum
735 1704 871 1741 obtinet.
906 1705 974 1739 tere
1006 1706 1121 1740 decem
1154 1706 1215 1740 loci
1241 1715 1282 1740 ex
1309 1706 1459 1741 Homero
1491 1707 1679 1750 deprompti
1712 1717 1768 1741 ex-

591 1759 679 1791 stant
705 1759 804 1801 atque
828 1759 965 1793 totidem
992 1759 1024 1792 in
1050 1769 1151 1793 carm.
1171 1760 1199 1793 X
1217 1762 1248 1794 et
1266 1760 1331 1794 XII.
1369 1761 1533 1794 Videmus
1558 1761 1660 1804 igitur
1686 1761 1767 1795 ssac-

590 1811 756 1854 chylidem
783 1822 859 1846 cum
886 1813 1003 1847 altiora
1020 1814 1207 1856 appetebat,
1234 1814 1339 1856 ipsius
1356 1814 1482 1848 viribus
1500 1815 1596 1858 quasi
1614 1815 1765 1849 diffisum

590 1868 791 1900 ornamenta
816 1867 984 1901 sermonis
1009 1867 1051 1901 ab
1070 1867 1220 1902 Homero
1239 1870 1428 1902 mutuatum
1449 1878 1534 1903 esse.
1568 1870 1678 1912 Atque
1704 1870 1767 1903 hoc

589 1919 749 1961 probatur
779 1919 880 1953 etiam
914 1921 981 1954 his:
1018 1920 1128 1964 Saepe
1154 1931 1173 1955 a
1201 1922 1402 1965 Bacchylide
1433 1923 1574 1957 eaedem
1608 1932 1662 1957 res
1694 1933 1767 1956 nar-

588 1975 713 2011 rantur,
739 1983 824 2016 quas
849 1974 914 2007 iarn
941 1975 983 2008 ab
1009 1974 1159 2009 Homero
1184 1977 1343 2010 tractatas
1369 1975 1531 2010 invenies.
1573 1976 1707 2019 Quibus
1733 1977 1764 2010 in

586 2027 818 2061 describendis
843 2030 942 2071 poeta
965 2027 1055 2062 Ceus
1080 2038 1148 2062 non
1175 2038 1250 2063 raro
1275 2031 1382 2063 totum
1409 2029 1618 2064 enuntiatum
1639 2031 1765 2064 Home-

587 2080 690 2114 ricum
717 2091 825 2124 paene
851 2081 1064 2116 immutatum
1095 2083 1312 2126 deprompsit.
1363 2083 1465 2117 Plane
1497 2084 1586 2118 enim
1614 2085 1763 2128 Bacchy-

585 2134 668 2168 lides
708 2144 784 2168 curn
827 2135 1005 2170 Herculem
1047 2145 1087 2170 ex
1125 2136 1264 2171 Tartaro
1302 2136 1486 2171 Cerberum
1528 2142 1762 2181 apportantem

584 2188 739 2222 describit
771 2198 848 2223 cum
883 2190 1031 2224 Homero
1064 2190 1238 2225 consentit.
1288 2190 1337 2226 Ci.
1365 2191 1484 2226 Bacch.
1512 2192 1539 2225 V
1565 2196 1608 2227 oo
1641 2207 1761 2238 καρχα-

582 2242 728 2286 ρόδοντα
752 2243 828 2278 κύν’
854 2243 966 2286 ἄξοντ’
992 2245 1025 2284 ἐς
1050 2244 1138 2287 φάος
1159 2246 1194 2288 ἐξ
1209 2243 1297 2280 Ἀΐδα
1314 2255 1391 2280 curn
1410 2245 1510 2280 Hom.
1532 2250 1558 2281 Θ
1576 2249 1640 2281 368
1658 2249 1693 2290 ἐξ
1711 2275 1716 2281 .
1733 2274 1739 2281 .
1755 2274 1762 2282 .

582 2295 706 2339 ἄξοντα
730 2298 815 2331 κύνα
841 2302 1006 2342 στυγεροῦ
1028 2297 1146 2334 Ἀΐδαο.
1204 2299 1334 2334 Deinde
1364 2302 1489 2335 sortem
1523 2301 1718 2336 hominibus
1743 2312 1762 2336 a

581 2350 644 2385 diis
670 2351 871 2386 destinatam
902 2351 1051 2388 lacrimis
1069 2362 1136 2388 non
1155 2354 1276 2388 mutari
1295 2354 1442 2399 legimus
1459 2355 1492 2389 in
1512 2356 1632 2390 Bacch.
1651 2356 1679 2390 V
1702 2359 1760 2391 162

654 2423 670 2457 ¹)
692 2423 720 2450 In
741 2425 864 2452 secundo
884 2432 994 2460 quoquc
1019 2426 1139 2454 carmine
1164 2434 1246 2454 unum
1272 2429 1376 2454 tantum
1401 2429 1559 2463 exemplum
1586 2429 1669 2464 idque
1693 2430 1761 2457 satis

578 2469 649 2496 exile
669 2469 813 2497 invenitur.
