2303 3141
313 2923 320 2940 a,

336 2928 345 2929 l

1127 585 1302 614 -11-

882 678 977 714 παῖδ’
993 679 1135 724 ἄλκιμον
1151 680 1298 722 ἐξεναρί-

991 740 1060 778 ζων
1085 733 1266 779 ἀμώμητον
1290 735 1400 778 δέμας,

883 789 1023 833 πύργων
1044 789 1258 833 προπάροιθε
1280 787 1427 832 κιχήσας·

991 846 1044 878 τοὶ
1066 845 1101 878 δὲ
1121 842 1207 887 πρὸς
1231 842 1428 886 ειῖκτιμέναν

993 900 1119 941 ([εὗγον
1135 895 1278 940 ἀρχαίαν
1293 895 1395 931 πόλιν

884 955 1080 996 Πλευρῶνα·
1105 954 1253 995 μίνυνθα
1281 952 1318 985 δέ
1340 964 1397 994 μοι
1424 948 1512 994 ψυχὰ
1534 953 1678 994 γλυκεῖα·

991 1009 1084 1050 γνῶν
1106 1004 1137 1040 δ’
1156 1004 1417 1049 ὀλιγοσθενέων,

889 1061 974 1094 azaz*
995 1059 1151 1104 πύματον
1172 1061 1206 1094 δὲ
1229 1062 1345 1094 πνέων
1369 1058 1518 1102 δάκρυσα
1535 1058 1701 1103 τλ[άμων,

992 1112 1121 1158 α’γλαὰν
1138 1110 1224 1159 ἥβαν
1239 1116 1444 1158 προλείπων.

692 1170 791 1213 Apud
810 1168 998 1203 Homerum
1019 1168 1184 1212 Meleagri
1211 1169 1317 1202 mater
1334 1168 1450 1202 dolore
1467 1167 1577 1202 fratris
1602 1167 1718 1202 amissi
1744 1167 1802 1201 ad-

626 1226 726 1259 ducta
758 1223 865 1258 filium
900 1224 1043 1258 devovet
1075 1225 1107 1258 et
1141 1233 1161 1257 a
1195 1222 1257 1256 diis
1292 1222 1406 1256 inferis
1439 1223 1527 1266 petit,
1560 1226 1595 1256 ut
1626 1222 1802 1266 Meleagro

626 1281 770 1313 mortem
795 1278 948 1312 inferant.
997 1277 1035 1311 V.
1061 1287 1091 1311 v.
1117 1279 1182 1312 568
1206 1287 1294 1321 sqq:

775 1331 885 1367 πολλὰ
910 1335 945 1366 δὲ
968 1335 1024 1366 καὶ
1048 1341 1148 1377 γαῖαν
1169 1331 1396 1376 πολυφόρβην
1415 1334 1529 1376 χερσὶν
1551 1330 1649 1366 ἀλοία

776 1385 994 1431 κικλήσκουσ’
1018 1386 1136 1431 Ἀίδην
1163 1389 1219 1420 καὶ
1244 1385 1387 1430 ἐπαινὴν
1411 1385 1664 1429 Περσεφόνειαν

776 1440 906 1485 πρόχνυ
933 1442 1151 1484 καθεζομένη,
1179 1439 1319 1474 δεύοντο
1341 1441 1376 1474 δὲ
1399 1439 1539 1483 δάκρυσι
1560 1438 1693 1481 κόλποι,

776 1496 872 1529 παιδὶ
894 1494 996 1538 δόμεν
1016 1493 1180 1529 θάνατον·

693 1542 1047 1592 Quam'devotionem
1065 1548 1240 1591 Meleager
1262 1547 1467 1592 gravissime
1495 1547 1557 1581 fert
1585 1549 1618 1581 et
1642 1556 1661 1580 e
1685 1555 1801 1590 pugna

627 1605 767 1638 domum
793 1603 976 1638 revertitur.
1003 1602 1045 1646 [v.
1067 1604 1132 1637 556
1156 1602 1218 1646 sq.]
1266 1601 1440 1645 Quoniam
1465 1602 1641 1645 Meleager
1664 1610 1802 1644 pugnae

626 1659 693 1692 iarn
727 1667 795 1692 non
830 1657 986 1696 interfuit,
1021 1656 1198 1700 Calydonii
1233 1656 1510 1700 opprimebantur
1545 1658 1576 1690 et
1612 1655 1692 1689 urbs
1729 1654 1802 1697 ipsa

626 1722 799 1747 summurn
826 1712 859 1745 in
884 1711 1069 1755 periculum
1095 1712 1195 1755 atque
1219 1710 1400 1745 discrimen
1425 1711 1619 1744 vocabatur.
1668 1709 1711 1753 [v.
1737 1712 1801 1743 573

625 1767 687 1811 sq.]
734 1766 822 1800 Turn
848 1775 969 1800 omnes
993 1766 1093 1804 cives,
1119 1765 1220 1799 etiam
1246 1767 1340 1808 pater
1364 1767 1463 1808 atque
1489 1766 1597 1798 mater
1626 1763 1699 1807 ipsa
1728 1763 1802 1797 eius

626 1820 789 1854 auxilium
815 1819 1050 1862 implorabant.
1103 1819 1222 1863 Neque
1245 1819 1424 1863 quisquam
1455 1818 1484 1852 ei
1515 1818 1719 1861 persuadere
1745 1826 1802 1860 po-

625 1876 719 1914 terat,
746 1876 780 1908 ut
801 1874 892 1908 cives
914 1883 1094 1918 oppressos
1116 1874 1300 1908 adiuvaret.
1341 1873 1409 1909 Sed
1434 1883 1511 1907 cum
1529 1873 1691 1907 flammae
1715 1875 1801 1906 tecto

625 1929 758 1972 proprio
784 1928 1007 1967 imminerent.
1032 1929 1208 1973 Meleager
1231 1928 1347 1962 uxoris
1376 1927 1530 1971 precibus
1563 1927 1670 1961 victus
1704 1926 1801 1970 patri-

625 1993 680 2018 am
710 1983 864 2017 servavit.
918 1982 1019 2016 Nullo
1049 1984 1161 2016 autem
1189 1984 1262 2017 loco
1288 1982 1460 2016 Homerus
1485 1982 1562 2016 dicit
1585 1981 1800 2025 Meleagrum

625 2037 659 2071 in
684 2038 748 2071 hae
772 2046 889 2081 pugna
913 2038 1084 2071 mortuum
1109 2046 1196 2071 esse.
1244 2035 1294 2070 Cf.
1319 2046 1349 2070 v.
1376 2039 1438 2070 597
1465 2045 1554 2080 sqq.:

785 2090 833 2131 ὥς
854 2090 871 2126 ὁ
894 2093 955 2135 μὲν
970 2093 1177 2126 Αἰτωλοῖσιν
1198 2090 1370 2136 ἀπήμυνεν
1390 2089 1498 2125 κακὸν
1519 2087 1605 2135 ἦμαρ

785 2147 874 2188 εἴξας
896 2141 924 2189 ᾧ
944 2149 1053 2190 θυμῷ
1079 2149 1128 2190 τῷ
1153 2144 1182 2179 δ’
1206 2143 1318 2180 οὐκέτι
1343 2146 1436 2189 δῶρα
1459 2147 1618 2179 τέλεσσαν

784 2199 894 2235 πολλά
917 2213 952 2234 τε
973 2202 1030 2233 καὶ
1051 2202 1218 2244 χαρίεντα,
1239 2198 1346 2234 κακὸν
1368 2197 1398 2233 δ’
1422 2197 1525 2244 ἤμυνε
1547 2201 1603 2232 καὶ
1625 2197 1745 2238 αὕτως.

691 2255 800 2297 Atque
824 2253 933 2296 primo
958 2255 1095 2296 aspectu
1120 2256 1257 2296 apparet
1274 2252 1486 2296 Bacchylidis
1503 2252 1732 2286 narrationem
1757 2252 1800 2286 ab

625 2307 765 2342 Homeri
794 2309 894 2351 plane
919 2307 1086 2341 diversam
1112 2316 1189 2341 esse
1220 2309 1251 2341 et
1283 2310 1459 2350 propterea
1487 2306 1560 2340 iieri
1586 2315 1654 2340 non
1680 2309 1799 2349 potest.

625 2365 660 2396 ut
694 2361 914 2404 Bacchylides
947 2361 980 2394 in
1015 2361 1078 2394 hac
1112 2363 1204 2404 parte
1236 2361 1407 2394 narranda
1440 2360 1628 2394 Homerum
1663 2363 1800 2394 secutus

625 2416 675 2451 sit.
723 2415 773 2450 Ex
795 2415 848 2450 his
865 2416 977 2449 autem
996 2416 1149 2449 nondum
1169 2415 1329 2458 sequitur.
1348 2416 1383 2448 ut
1400 2414 1620 2457 Bacchylides
1638 2413 1799 2448 narratio-

625 2480 704 2505 nem
729 2469 946 2504 Homericam
972 2469 1101 2512 primus
1125 2469 1304 2503 mutaverit
1333 2470 1433 2512 atque
1464 2478 1507 2502 ex
1538 2477 1575 2502 se
1607 2468 1678 2512 ipse
1710 2477 1800 2502 nova

625 2524 832 2560 recreaverit.
891 2523 980 2558 Nam
1013 2523 1164 2566 perspice
1197 2523 1356 2557 attentius
1383 2525 1494 2557 locum
1529 2522 1680 2561 Homeri.
1719 2531 1799 2566 cog-
