2226 3133
1175 477 1348 509 -39-

676 591 775 631 plane
792 588 952 621 turbatur.
979 586 1143 619 Videmus
1161 583 1262 627 igitur
1280 582 1332 615 hic
1351 581 1439 622 apud
1460 580 1642 613 Pindarum
1663 576 1849 620 imaginem

677 644 775 685 atque
801 651 870 674 rem
896 649 1031 683 semper
1056 639 1138 672 inter
1155 647 1191 671 se
1209 636 1406 676 conjunctas
1427 637 1527 676 atque
1544 631 1747 666 commixtas
1764 639 1850 663 esse.

677 697 785 738 Atque
811 696 873 728 hac
899 704 932 728 re
958 695 1055 737 poeta
1080 692 1264 726 Thebanus
1294 690 1335 723 ab
1362 689 1512 722 Homero
1542 689 1573 720 et
1598 686 1698 720 etiam
1725 695 1744 718 a
1771 684 1852 718 Bac-

677 749 808 793 chylide
832 752 902 783 toto
927 749 1020 782 caelo
1046 747 1154 781 distat.
1203 745 1269 779 Sed
1296 744 1322 778 si
1353 742 1548 785 quaerimus
1577 740 1750 784 quomodo
1777 738 1852 772 Pin-

679 805 780 837 darus
798 804 982 847 imaginem
1002 801 1202 844 protulisset.
1221 799 1248 832 si
1264 797 1402 832 Homeri
1421 796 1585 830 rationem
1600 796 1736 827 secutus
1753 795 1852 827 esset.

679 859 769 891 haud
795 858 864 891 scio
889 867 932 890 an
958 857 1005 890 sic
1029 855 1261 889 formavisset:

692 940 696 945 -
746 921 929 964 Quomodo
955 919 1075 962 aliquis
1100 927 1182 952 suos
1208 918 1319 950 mulos
1337 916 1423 948 bene
1441 913 1592 949 nutritos,
1618 910 1673 954 qui
1695 910 1759 943 iam
1780 911 1854 951 plus

678 985 779 1018 quam
806 977 910 1008 semel
937 974 1082 1008 stadium
1110 972 1352 1015 percurrerunt.
1379 969 1421 1002 ad
1446 976 1580 1001 currum
1606 964 1726 1008 jungit,
1753 967 1787 996 ut
1813 962 1854 995 ab

679 1029 839 1063 omnibus
863 1028 1043 1072 praedicati
1075 1027 1184 1061 effuso
1216 1034 1315 1059 cursu
1348 1023 1494 1058 stadium
1528 1022 1722 1064 percurrant
1755 1020 1854 1060 atque

679 1084 902 1117 clarissimam
929 1082 1101 1116 victoriam
1133 1081 1310 1123 reportent.
1343 1088 1383 1112 eo
1409 1078 1511 1110 modo
1543 1084 1608 1119 ego
1642 1083 1696 1108 me
1728 1071 1854 1115 parabo

681 1140 722 1173 ad
749 1138 882 1172 victoris
907 1137 1069 1172 familiam
1096 1136 1137 1170 ab
1163 1135 1295 1178 origine
1312 1135 1354 1167 ad
1374 1134 1437 1166 hoc
1453 1134 1587 1173 tempus
1604 1126 1853 1162 celebrandam.

680 1192 761 1227 Sine
787 1192 889 1226 dubio
914 1191 1014 1226 simili
1040 1191 1143 1224 modo
1170 1188 1388 1231 Bacchylides
1414 1188 1501 1220 hanc
1527 1183 1711 1228 imaginem
1739 1180 1855 1223 depin-

680 1247 794 1281 xisset.

750 1310 852 1344 Porro
888 1311 999 1343 autem
1030 1307 1213 1341 observare
1245 1313 1429 1348 possumus
1462 1302 1645 1336 Pindarum
1679 1307 1746 1332 non
1781 1305 1856 1330 raro

681 1365 849 1398 variarum
877 1363 1065 1407 imaginum
1094 1363 1204 1404 partes
1231 1361 1314 1393 inter
1338 1368 1375 1392 se
1399 1355 1627 1397 conjunxisse.
1666 1353 1766 1395 Quod
1794 1352 1855 1384 hoc

681 1421 838 1461 exemplo
863 1418 1059 1451 illustretur:
1085 1416 1141 1450 ΝΙ
1166 1419 1203 1448 18
1228 1414 1391 1457 legimus:
1425 1414 1565 1446 πολλῶν
1589 1411 1713 1450 ἐπέβαν
1737 1405 1857 1449 καιρόν

680 1472 724 1507 οὐ
750 1474 860 1514 wadila
886 1471 1011 1513 βαλών.
1060 1469 1164 1504 Cuius
1189 1468 1375 1502 sententiae
1405 1467 1497 1508 parte
1522 1463 1630 1507 priore
1656 1462 1771 1503 imago
1796 1458 1856 1492 viri

682 1527 771 1560 viam
799 1526 944 1560 ineuntis
969 1527 1046 1558 ante
1070 1526 1187 1557 oeulos
1219 1522 1362 1565 ponitur.
1395 1523 1487 1563 parte
1517 1521 1628 1552 autem
1664 1519 1766 1549 altera
1796 1513 1855 1546 viri

683 1582 828 1615 iaculum
863 1579 1031 1613 mittentis.
1103 1580 1211 1620 Atque
1244 1586 1283 1610 eo
1316 1576 1406 1618 quod
1441 1573 1607 1607 Pindarus
1638 1578 1740 1612 saepe
1772 1569 1858 1601 duas

685 1635 861 1678 imagines,
894 1643 1036 1676 quarum
1070 1634 1173 1666 altera
1206 1632 1344 1664 alteram
1378 1628 1472 1672 quasi
1505 1627 1684 1660 excludere
1716 1623 1856 1659 videtur.

684 1690 769 1722 inter
792 1698 828 1722 se
853 1687 1037 1729 conjungit.
1063 1685 1214 1720 carmina
1240 1686 1280 1718 ad
1301 1682 1565 1725 intellegendum
1584 1678 1758 1722 permultis
1777 1675 1858 1709 locis

684 1743 880 1776 difficillima
911 1744 998 1775 sunt.
1047 1740 1145 1782 Quae
1178 1738 1260 1772 ratio
1292 1735 1521 1778 conjungendi
1554 1732 1715 1767 orationis
1747 1734 1859 1773 partes

685 1801 718 1831 ut
744 1797 786 1830 ita
813 1797 921 1830 dicam
949 1806 967 1829 a
992 1804 1029 1829 se
1054 1795 1274 1828 abhorrentes
1297 1793 1337 1825 ad
1357 1800 1460 1824 unam
1479 1788 1702 1822 elocutionem
1723 1783 1858 1818 Pindari

685 1851 854 1894 proprium
880 1853 940 1884 est.

752 1914 834 1947 Mihi
860 1913 976 1946 videor
1000 1912 1254 1945 demonstrasse
1279 1906 1515 1950 Bacchylidem
1543 1904 1575 1937 in
1601 1899 1860 1945 comparationi-

685 1969 748 2002 bus
775 1967 912 2001 Homeri
938 1966 1101 1999 rationem
1134 1966 1287 1998 secutum
1313 1970 1398 1998 esse.
1431 1969 1507 1993 cum
1542 1961 1643 2001 longe
1669 1966 1688 1990 a
1714 1955 1860 1989 Pindaro

687 2023 864 2059 recederet.
891 2020 945 2064 qui
971 2018 1242 2062 comparationes
1268 2017 1332 2049 late
1357 2014 1537 2049 exornatas
1557 2011 1697 2046 omnino
1717 2018 1783 2042 non
1803 2008 1860 2041 ad-

687 2075 802 2110 hibuit.

755 2138 852 2172 Nunc
877 2137 1113 2171 disserendum
1139 2137 1188 2169 est
1214 2135 1255 2168 de
1280 2131 1535 2167 elocutionibus.
1561 2128 1683 2172 quibus
1710 2125 1860 2168 Bachyli-

687 2195 748 2227 des
772 2192 892 2227 ambas
917 2190 1085 2234 imagines
1102 2187 1346 2233 pulcherrimas
1363 2184 1522 2228 depinxit.
1562 2184 1670 2225 Atque
1688 2179 1862 2214 nonnullis

687 2247 770 2282 locis
794 2256 902 2290 paene
928 2245 1114 2279 Homerum
1145 2243 1262 2277 audire
1294 2240 1391 2275 nobis
1422 2239 1585 2273 videmur.
1635 2235 1712 2270 Non
1744 2233 1862 2277 magni

686 2302 773 2336 facio
791 2301 819 2335 V
843 2305 878 2335 19
897 2309 945 2343 sq.
971 2298 1081 2338 αἰετὸς
1105 2297 1330 2342 εὐρυάνακτος
1354 2294 1491 2340 ἅγγελος
1515 2294 1631 2337 Ζηνός,
1656 2300 1744 2334 quae
1761 2297 1863 2323 voces

687 2359 838 2400 spectare
863 2356 1003 2397 possunt
1021 2354 1062 2387 ad
1082 2353 1182 2386 Hom.
1200 2356 1222 2393 ρ)
1243 2354 1302 2384 140
1319 2359 1383 2393 sq.:
1411 2375 1417 2382 .
1436 2375 1443 2382 .
1463 2375 1469 2382 .
1487 2352 1536 2391 τῷ
1553 2344 1696 2381 δἀἰετώ
1713 2343 1862 2388 εὔρυόπα

687 2409 770 2450 Ζεὺς
784 2413 795 2451 l
809 2409 940 2452 ὑψόθεν
963 2410 999 2442 ἐκ
1023 2410 1176 2451 κορυφῆς
1195 2404 1293 2449 ὄρεος
1309 2406 1452 2448 προέηκε
1467 2404 1640 2442 πέτεσθαι,
1665 2399 1744 2442 quia
1761 2397 1861 2432 etiam
