<?xml version="1.0" encoding="UTF-8"?>
<!DOCTYPE html PUBLIC "-//W3C//DTD XHTML 1.0 Transitional//EN"
    "http://www.w3.org/TR/xhtml1/DTD/xhtml1-transitional.dtd">
<html xmlns="http://www.w3.org/1999/xhtml" xml:lang="en" lang="en">
 <head>
  <title>
</title>
<meta http-equiv="Content-Type" content="text/html;charset=utf-8" />
  <meta name='ocr-system' content='tesseract 3.04.00' />
  <meta name='ocr-capabilities' content='ocr_page ocr_carea ocr_par ocr_line ocrx_word'/>
</head>
<body>
  <div class='ocr_page' id='page_1' title='image "./debacchylidehome00bussuoft_0037.png"; bbox 0 0 2303 3141; ppageno 0'>
   <div class='ocr_carea' id='block_1_1' title="bbox 87 299 963 673">
    <p class='ocr_par' dir='ltr' id='par_1_1' title="bbox 87 299 963 673">
     <span class='ocr_line' id='line_1_1' title="bbox 87 299 963 673; baseline 0 2468"><span class='ocrx_word' id='word_1_1' title='bbox 87 299 963 673; x_wconf 95' lang='lat' dir='ltr'> </span> 
     </span>
    </p>
   </div>
   <div class='ocr_carea' id='block_1_2' title="bbox 77 2793 91 2932">
    <p class='ocr_par' dir='ltr' id='par_1_2' title="bbox 77 2793 91 2932">
     <span class='ocr_line' id='line_1_2' title="bbox 77 2793 91 2932; textangle 90"><span class='ocrx_word' id='word_1_2' title='bbox 77 2854 91 2932; x_wconf 59' lang='lat' dir='ltr'>pur-</span> <span class='ocrx_word' id='word_1_3' title='bbox 78 2793 87 2851; x_wconf 55' lang='grc' dir='ltr'>ιιι-..τ</span> 
     </span>
    </p>
   </div>
   <div class='ocr_carea' id='block_1_3' title="bbox 976 601 1153 632">
    <p class='ocr_par' dir='ltr' id='par_1_3' title="bbox 976 601 1153 632">
     <span class='ocr_line' id='line_1_3' title="bbox 976 601 1153 632; baseline -0.006 -9"><span class='ocrx_word' id='word_1_4' title='bbox 976 601 1153 632; x_wconf 80' lang='lat'>...18-</span> 
     </span>
    </p>
   </div>
   <div class='ocr_carea' id='block_1_4' title="bbox 474 694 1655 2585">
    <p class='ocr_par' dir='ltr' id='par_1_4' title="bbox 605 694 1492 852">
     <span class='ocr_line' id='line_1_4' title="bbox 606 694 1492 745; baseline -0.005 -11"><span class='ocrx_word' id='word_1_5' title='bbox 606 698 670 745; x_wconf 81' lang='grc' dir='ltr'>ἥδη</span> <span class='ocrx_word' id='word_1_6' title='bbox 694 698 756 744; x_wconf 81' lang='grc' dir='ltr'>γὰρ</span> <span class='ocrx_word' id='word_1_7' title='bbox 780 702 837 733; x_wconf 83' lang='grc' dir='ltr'>καὶ</span> <span class='ocrx_word' id='word_1_8' title='bbox 861 697 961 741; x_wconf 81' lang='grc' dir='ltr'><em>δεῦρό</em></span> <span class='ocrx_word' id='word_1_9' title='bbox 984 697 1060 732; x_wconf 81' lang='grc' dir='ltr'><em>ποτ’</em></span> <span class='ocrx_word' id='word_1_10' title='bbox 1086 695 1192 742; x_wconf 69' lang='grc' dir='ltr'><em>ἤλυθε</em></span> <span class='ocrx_word' id='word_1_11' title='bbox 1217 698 1289 736; x_wconf 81' lang='grc' dir='ltr'><em>δῖος</em></span> <span class='ocrx_word' id='word_1_12' title='bbox 1314 694 1492 738; x_wconf 76' lang='grc' dir='ltr'><em>Ὀδυσσεύς,</em></span> 
     </span>
     <span class='ocr_line' id='line_1_5' title="bbox 607 749 1454 797; baseline -0.007 -8"><span class='ocrx_word' id='word_1_13' title='bbox 607 758 664 789; x_wconf 85' lang='grc' dir='ltr'><em>σεῦ</em></span> <span class='ocrx_word' id='word_1_14' title='bbox 688 753 772 789; x_wconf 69' lang='grc' dir='ltr'><em>ἕνεκ’</em></span> <span class='ocrx_word' id='word_1_15' title='bbox 798 751 961 797; x_wconf 80' lang='grc' dir='ltr'><em>ἄγγελίης,</em></span> <span class='ocrx_word' id='word_1_16' title='bbox 987 751 1049 787; x_wconf 75' lang='grc' dir='ltr'><em>σὺν</em></span> <span class='ocrx_word' id='word_1_17' title='bbox 1073 749 1242 796; x_wconf 75' lang='grc' dir='ltr'>ἀρηϊφίλῳ</span> <span class='ocrx_word' id='word_1_18' title='bbox 1267 749 1454 793; x_wconf 76' lang='grc' dir='ltr'><em>Μενελάῳ·</em></span> 
     </span>
     <span class='ocr_line' id='line_1_6' title="bbox 605 806 1144 852; baseline -0.009 -8"><span class='ocrx_word' id='word_1_19' title='bbox 605 807 686 848; x_wconf 78' lang='grc' dir='ltr'>τούς</span> <span class='ocrx_word' id='word_1_20' title='bbox 709 806 807 852; x_wconf 76' lang='grc' dir='ltr'>δ’ἐγώ</span> <span class='ocrx_word' id='word_1_21' title='bbox 831 809 994 850; x_wconf 78' lang='grc' dir='ltr'><strong><em>ἐξείνισσα</em></strong></span> <span class='ocrx_word' id='word_1_22' title='bbox 1023 815 1051 840; x_wconf 84' lang='lat' dir='ltr'>e.</span> <span class='ocrx_word' id='word_1_23' title='bbox 1069 815 1099 850; x_wconf 88' lang='lat' dir='ltr'>q.</span> <span class='ocrx_word' id='word_1_24' title='bbox 1117 815 1144 839; x_wconf 89' lang='lat' dir='ltr'>S.</span> 
     </span>
    </p>

    <p class='ocr_par' dir='ltr' id='par_1_5' title="bbox 475 857 1655 1496">
     <span class='ocr_line' id='line_1_7' title="bbox 543 857 1652 907; baseline -0.005 -10"><span class='ocrx_word' id='word_1_25' title='bbox 543 863 744 907; x_wconf 86' lang='lat' dir='ltr'>Spectemus</span> <span class='ocrx_word' id='word_1_26' title='bbox 778 870 877 899; x_wconf 84' lang='lat' dir='ltr'>nunc,</span> <span class='ocrx_word' id='word_1_27' title='bbox 914 861 1086 905; x_wconf 89' lang='lat' dir='ltr'>quomodo</span> <span class='ocrx_word' id='word_1_28' title='bbox 1121 859 1342 902; x_wconf 83' lang='lat' dir='ltr'>Bacchylides</span> <span class='ocrx_word' id='word_1_29' title='bbox 1378 859 1466 892; x_wconf 83' lang='lat' dir='ltr'>hanc</span> <span class='ocrx_word' id='word_1_30' title='bbox 1501 857 1652 892; x_wconf 81' lang='lat' dir='ltr'>fabulam</span> 
     </span>
     <span class='ocr_line' id='line_1_8' title="bbox 477 912 1652 961; baseline -0.004 -9"><span class='ocrx_word' id='word_1_31' title='bbox 477 917 675 961; x_wconf 74' lang='lat' dir='ltr'>depinxerit.</span> <span class='ocrx_word' id='word_1_32' title='bbox 721 915 814 951; x_wconf 85' lang='lat' dir='ltr'>Sane</span> <span class='ocrx_word' id='word_1_33' title='bbox 838 914 998 949; x_wconf 81' lang='lat' dir='ltr'>carminis</span> <span class='ocrx_word' id='word_1_34' title='bbox 1022 913 1221 957; x_wconf 88' lang='lat' dir='ltr'>principium</span> <span class='ocrx_word' id='word_1_35' title='bbox 1247 913 1396 956; x_wconf 82' lang='lat' dir='ltr'>pessime</span> <span class='ocrx_word' id='word_1_36' title='bbox 1421 912 1574 946; x_wconf 86' lang='lat' dir='ltr'>habitum</span> <span class='ocrx_word' id='word_1_37' title='bbox 1592 913 1652 948; x_wconf 88' lang='lat' dir='ltr'>est.</span> 
     </span>
     <span class='ocr_line' id='line_1_9' title="bbox 475 966 1653 1014; baseline -0.007 -8"><span class='ocrx_word' id='word_1_38' title='bbox 475 974 591 1006; x_wconf 90' lang='lat' dir='ltr'>tamen</span> <span class='ocrx_word' id='word_1_39' title='bbox 615 981 657 1005; x_wconf 89' lang='lat' dir='ltr'>ex</span> <span class='ocrx_word' id='word_1_40' title='bbox 682 969 859 1014; x_wconf 84' lang='lat' dir='ltr'>perpaucis</span> <span class='ocrx_word' id='word_1_41' title='bbox 883 969 1024 1003; x_wconf 91' lang='lat' dir='ltr'>servatis</span> <span class='ocrx_word' id='word_1_42' title='bbox 1048 968 1210 1012; x_wconf 85' lang='lat' dir='ltr'>cognosci</span> <span class='ocrx_word' id='word_1_43' title='bbox 1228 969 1346 1010; x_wconf 86' lang='lat' dir='ltr'>potest,</span> <span class='ocrx_word' id='word_1_44' title='bbox 1373 966 1582 1002; x_wconf 81' lang='lat' dir='ltr'>Graecorum</span> <span class='ocrx_word' id='word_1_45' title='bbox 1609 967 1653 998; x_wconf 90' lang='lat' dir='ltr'>le-</span> 
     </span>
     <span class='ocr_line' id='line_1_10' title="bbox 476 1020 1652 1070; baseline -0.007 -10"><span class='ocrx_word' id='word_1_46' title='bbox 476 1027 576 1070; x_wconf 90' lang='lat' dir='ltr'>gatos</span> <span class='ocrx_word' id='word_1_47' title='bbox 593 1025 634 1059; x_wconf 91' lang='lat' dir='ltr'>ab</span> <span class='ocrx_word' id='word_1_48' title='bbox 652 1025 823 1059; x_wconf 85' lang='lat' dir='ltr'>Antenore</span> <span class='ocrx_word' id='word_1_49' title='bbox 839 1025 891 1057; x_wconf 88' lang='lat' dir='ltr'>vel</span> <span class='ocrx_word' id='word_1_50' title='bbox 916 1023 1026 1066; x_wconf 88' lang='lat' dir='ltr'>potius</span> <span class='ocrx_word' id='word_1_51' title='bbox 1051 1032 1072 1056; x_wconf 93' lang='lat' dir='ltr'>a</span> <span class='ocrx_word' id='word_1_52' title='bbox 1090 1022 1287 1058; x_wconf 78' lang='lat' dir='ltr'>Theanone.</span> <span class='ocrx_word' id='word_1_53' title='bbox 1314 1020 1493 1054; x_wconf 78' lang='lat' dir='ltr'>Antenoris</span> <span class='ocrx_word' id='word_1_54' title='bbox 1519 1021 1652 1062; x_wconf 84' lang='lat' dir='ltr'>uxore¹)</span> 
     </span>
     <span class='ocr_line' id='line_1_11' title="bbox 477 1073 1650 1122; baseline -0.006 -8"><span class='ocrx_word' id='word_1_55' title='bbox 477 1079 621 1122; x_wconf 87' lang='lat' dir='ltr'>hospitio</span> <span class='ocrx_word' id='word_1_56' title='bbox 646 1079 804 1121; x_wconf 88' lang='lat' dir='ltr'>exceptos</span> <span class='ocrx_word' id='word_1_57' title='bbox 829 1087 914 1111; x_wconf 88' lang='lat' dir='ltr'>esse.</span> <span class='ocrx_word' id='word_1_58' title='bbox 963 1077 996 1111; x_wconf 90' lang='lat' dir='ltr'>ln</span> <span class='ocrx_word' id='word_1_59' title='bbox 1028 1076 1170 1111; x_wconf 83' lang='lat' dir='ltr'>servatis</span> <span class='ocrx_word' id='word_1_60' title='bbox 1202 1077 1314 1109; x_wconf 86' lang='lat' dir='ltr'>autem</span> <span class='ocrx_word' id='word_1_61' title='bbox 1340 1075 1494 1108; x_wconf 88' lang='lat' dir='ltr'>versibus</span> <span class='ocrx_word' id='word_1_62' title='bbox 1520 1073 1650 1108; x_wconf 82' lang='lat' dir='ltr'>Ulixem</span> 
     </span>
     <span class='ocr_line' id='line_1_12' title="bbox 475 1128 1653 1171; baseline -0.007 -3"><span class='ocrx_word' id='word_1_63' title='bbox 475 1136 508 1168; x_wconf 89' lang='lat' dir='ltr'>et</span> <span class='ocrx_word' id='word_1_64' title='bbox 518 1134 714 1168; x_wconf 89' lang='lat' dir='ltr'>Menelaum</span> <span class='ocrx_word' id='word_1_65' title='bbox 732 1132 765 1165; x_wconf 89' lang='lat' dir='ltr'>in</span> <span class='ocrx_word' id='word_1_66' title='bbox 787 1133 973 1166; x_wconf 87' lang='lat' dir='ltr'>convocata</span> <span class='ocrx_word' id='word_1_67' title='bbox 982 1130 1107 1165; x_wconf 88' lang='lat' dir='ltr'>Troum</span> <span class='ocrx_word' id='word_1_68' title='bbox 1126 1129 1283 1163; x_wconf 86' lang='lat' dir='ltr'>contione</span> <span class='ocrx_word' id='word_1_69' title='bbox 1296 1129 1422 1163; x_wconf 90' lang='lat' dir='ltr'>versari</span> <span class='ocrx_word' id='word_1_70' title='bbox 1437 1128 1653 1171; x_wconf 85' lang='lat' dir='ltr'>primumque</span> 
     </span>
     <span class='ocr_line' id='line_1_13' title="bbox 476 1181 1651 1226; baseline -0.006 -4"><span class='ocrx_word' id='word_1_71' title='bbox 476 1188 520 1222; x_wconf 90' lang='lat' dir='ltr'>ibi</span> <span class='ocrx_word' id='word_1_72' title='bbox 544 1187 647 1222; x_wconf 86' lang='lat' dir='ltr'>verba</span> <span class='ocrx_word' id='word_1_73' title='bbox 670 1187 782 1220; x_wconf 80' lang='lat' dir='ltr'>facere</span> <span class='ocrx_word' id='word_1_74' title='bbox 806 1186 1002 1220; x_wconf 84' lang='lat' dir='ltr'>Menelaum</span> <span class='ocrx_word' id='word_1_75' title='bbox 1028 1184 1190 1218; x_wconf 87' lang='lat' dir='ltr'>invenies.</span> <span class='ocrx_word' id='word_1_76' title='bbox 1238 1184 1348 1226; x_wconf 82' lang='lat' dir='ltr'>Atque</span> <span class='ocrx_word' id='word_1_77' title='bbox 1372 1182 1521 1216; x_wconf 84' lang='lat' dir='ltr'>Menelai</span> <span class='ocrx_word' id='word_1_78' title='bbox 1553 1181 1651 1216; x_wconf 86' lang='lat' dir='ltr'>orati-</span> 
     </span>
     <span class='ocr_line' id='line_1_14' title="bbox 476 1235 1654 1280; baseline -0.006 -4"><span class='ocrx_word' id='word_1_79' title='bbox 476 1251 541 1276; x_wconf 88' lang='lat' dir='ltr'>one</span> <span class='ocrx_word' id='word_1_80' title='bbox 559 1250 695 1275; x_wconf 89' lang='lat' dir='ltr'>carmen</span> <span class='ocrx_word' id='word_1_81' title='bbox 713 1240 887 1274; x_wconf 83' lang='lat' dir='ltr'>clauditur.</span> <span class='ocrx_word' id='word_1_82' title='bbox 937 1238 1036 1272; x_wconf 88' lang='lat' dir='ltr'>Nunc</span> <span class='ocrx_word' id='word_1_83' title='bbox 1052 1246 1291 1280; x_wconf 85' lang='lat' dir='ltr'>comparemus</span> <span class='ocrx_word' id='word_1_84' title='bbox 1308 1246 1358 1275; x_wconf 91' lang='lat' dir='ltr'>ea,</span> <span class='ocrx_word' id='word_1_85' title='bbox 1376 1245 1463 1280; x_wconf 86' lang='lat' dir='ltr'>quae</span> <span class='ocrx_word' id='word_1_86' title='bbox 1482 1235 1654 1270; x_wconf 82' lang='lat' dir='ltr'>Homerus</span> 
     </span>
     <span class='ocr_line' id='line_1_15' title="bbox 475 1289 1655 1332; baseline -0.006 -2"><span class='ocrx_word' id='word_1_87' title='bbox 475 1295 656 1330; x_wconf 83' lang='lat' dir='ltr'>tradiderit.</span> <span class='ocrx_word' id='word_1_88' title='bbox 747 1293 862 1328; x_wconf 83' lang='lat' dir='ltr'>Ulixes</span> <span class='ocrx_word' id='word_1_89' title='bbox 893 1293 925 1326; x_wconf 91' lang='lat' dir='ltr'>et</span> <span class='ocrx_word' id='word_1_90' title='bbox 956 1293 1135 1326; x_wconf 83' lang='lat' dir='ltr'>Menelaus</span> <span class='ocrx_word' id='word_1_91' title='bbox 1167 1291 1209 1325; x_wconf 89' lang='lat' dir='ltr'>ab</span> <span class='ocrx_word' id='word_1_92' title='bbox 1241 1291 1414 1325; x_wconf 85' lang='lat' dir='ltr'>Antenore</span> <span class='ocrx_word' id='word_1_93' title='bbox 1447 1289 1655 1332; x_wconf 85' lang='lat' dir='ltr'>hospitaliter</span> 
     </span>
     <span class='ocr_line' id='line_1_16' title="bbox 477 1343 1652 1392; baseline -0.007 -8"><span class='ocrx_word' id='word_1_94' title='bbox 477 1349 597 1392; x_wconf 88' lang='lat' dir='ltr'>recepti</span> <span class='ocrx_word' id='word_1_95' title='bbox 623 1348 656 1382; x_wconf 92' lang='lat' dir='ltr'>in</span> <span class='ocrx_word' id='word_1_96' title='bbox 673 1348 800 1382; x_wconf 88' lang='lat' dir='ltr'>Troum</span> <span class='ocrx_word' id='word_1_97' title='bbox 826 1347 1017 1380; x_wconf 88' lang='lat' dir='ltr'>contionem</span> <span class='ocrx_word' id='word_1_98' title='bbox 1043 1345 1192 1383; x_wconf 84' lang='lat' dir='ltr'>veniunt,</span> <span class='ocrx_word' id='word_1_99' title='bbox 1218 1345 1273 1378; x_wconf 92' lang='lat' dir='ltr'>ubi</span> <span class='ocrx_word' id='word_1_100' title='bbox 1292 1345 1470 1378; x_wconf 88' lang='lat' dir='ltr'>Menelaus</span> <span class='ocrx_word' id='word_1_101' title='bbox 1492 1344 1534 1377; x_wconf 92' lang='lat' dir='ltr'>ad</span> <span class='ocrx_word' id='word_1_102' title='bbox 1553 1343 1652 1377; x_wconf 88' lang='lat' dir='ltr'>Hele-</span> 
     </span>
     <span class='ocr_line' id='line_1_17' title="bbox 476 1397 1652 1445; baseline -0.006 -8"><span class='ocrx_word' id='word_1_103' title='bbox 476 1413 556 1437; x_wconf 91' lang='lat' dir='ltr'>nam</span> <span class='ocrx_word' id='word_1_104' title='bbox 582 1402 826 1445; x_wconf 89' lang='lat' dir='ltr'>reposcendam</span> <span class='ocrx_word' id='word_1_105' title='bbox 844 1401 934 1443; x_wconf 90' lang='lat' dir='ltr'>prior</span> <span class='ocrx_word' id='word_1_106' title='bbox 950 1399 1136 1434; x_wconf 84' lang='lat' dir='ltr'>orationem</span> <span class='ocrx_word' id='word_1_107' title='bbox 1155 1399 1292 1433; x_wconf 86' lang='lat' dir='ltr'>brevem</span> <span class='ocrx_word' id='word_1_108' title='bbox 1311 1407 1522 1442; x_wconf 82' lang='lat' dir='ltr'>gravemque</span> <span class='ocrx_word' id='word_1_109' title='bbox 1541 1397 1652 1435; x_wconf 75' lang='lat' dir='ltr'>habet,</span> 
     </span>
     <span class='ocr_line' id='line_1_18' title="bbox 477 1453 1291 1496; baseline -0.007 -4"><span class='ocrx_word' id='word_1_110' title='bbox 477 1457 592 1492; x_wconf 87' lang='lat' dir='ltr'>Ulixes</span> <span class='ocrx_word' id='word_1_111' title='bbox 616 1458 728 1490; x_wconf 88' lang='lat' dir='ltr'>autem</span> <span class='ocrx_word' id='word_1_112' title='bbox 754 1455 935 1489; x_wconf 87' lang='lat' dir='ltr'>secundus.</span> <span class='ocrx_word' id='word_1_113' title='bbox 984 1453 1033 1488; x_wconf 81' lang='lat' dir='ltr'>Cf.</span> <span class='ocrx_word' id='word_1_114' title='bbox 1059 1463 1089 1487; x_wconf 89' lang='lat' dir='ltr'>v.</span> <span class='ocrx_word' id='word_1_115' title='bbox 1115 1456 1178 1487; x_wconf 89' lang='lat'>207</span> <span class='ocrx_word' id='word_1_116' title='bbox 1203 1462 1291 1496; x_wconf 68' lang='lat' dir='ltr'>sqq:</span> 
     </span>
    </p>

    <p class='ocr_par' dir='ltr' id='par_1_6' title="bbox 581 1507 1555 2095">
     <span class='ocr_line' id='line_1_19' title="bbox 581 1507 1467 1555; baseline -0.008 -9"><span class='ocrx_word' id='word_1_117' title='bbox 581 1510 662 1551; x_wconf 80' lang='grc' dir='ltr'>τούς</span> <span class='ocrx_word' id='word_1_118' title='bbox 687 1509 784 1555; x_wconf 56' lang='lat' dir='ltr'>cre-so&gt;</span> <span class='ocrx_word' id='word_1_119' title='bbox 808 1511 971 1552; x_wconf 74' lang='grc' dir='ltr'><em>ἐξείνισσα</em></span> <span class='ocrx_word' id='word_1_120' title='bbox 995 1511 1051 1542; x_wconf 86' lang='grc' dir='ltr'>καὶ</span> <span class='ocrx_word' id='word_1_121' title='bbox 1075 1509 1111 1542; x_wconf 77' lang='grc' dir='ltr'>ἐν</span> <span class='ocrx_word' id='word_1_122' title='bbox 1133 1507 1306 1552; x_wconf 72' lang='grc' dir='ltr'><em>μεγάροισι</em></span> <span class='ocrx_word' id='word_1_123' title='bbox 1332 1509 1467 1551; x_wconf 69' lang='grc' dir='ltr'><em>φίλησα,</em></span> 
     </span>
     <span class='ocr_line' id='line_1_20' title="bbox 583 1559 1437 1609; baseline -0.007 -9"><span class='ocrx_word' id='word_1_124' title='bbox 583 1564 785 1609; x_wconf 75' lang='grc' dir='ltr'><em>ἀμφοτέρων</em></span> <span class='ocrx_word' id='word_1_125' title='bbox 809 1566 843 1598; x_wconf 78' lang='grc' dir='ltr'>δὲ</span> <span class='ocrx_word' id='word_1_126' title='bbox 870 1561 961 1608; x_wconf 74' lang='grc' dir='ltr'>φυὴν</span> <span class='ocrx_word' id='word_1_127' title='bbox 984 1562 1086 1607; x_wconf 74' lang='grc' dir='ltr'><em>ἐδάην</em></span> <span class='ocrx_word' id='word_1_128' title='bbox 1109 1564 1165 1596; x_wconf 79' lang='grc' dir='ltr'>καὶ</span> <span class='ocrx_word' id='word_1_129' title='bbox 1188 1561 1294 1606; x_wconf 70' lang='grc' dir='ltr'><em>μήδεα</em></span> <span class='ocrx_word' id='word_1_130' title='bbox 1315 1559 1437 1595; x_wconf 78' lang='grc' dir='ltr'><em>πυκνά.</em></span> 
     </span>
     <span class='ocr_line' id='line_1_21' title="bbox 583 1616 1490 1664; baseline -0.008 -9"><span class='ocrx_word' id='word_1_131' title='bbox 583 1619 654 1655; x_wconf 73' lang='grc' dir='ltr'><em>ἀλλ’</em></span> <span class='ocrx_word' id='word_1_132' title='bbox 679 1616 736 1654; x_wconf 77' lang='grc' dir='ltr'>ὅτε</span> <span class='ocrx_word' id='word_1_133' title='bbox 761 1617 801 1664; x_wconf 79' lang='grc' dir='ltr'><em>δὴ</em></span> <span class='ocrx_word' id='word_1_134' title='bbox 831 1617 998 1662; x_wconf 78' lang='grc' dir='ltr'><em>Τρώεσσιν</em></span> <span class='ocrx_word' id='word_1_135' title='bbox 1021 1618 1058 1652; x_wconf 75' lang='grc' dir='ltr'>ἐν</span> <span class='ocrx_word' id='word_1_136' title='bbox 1081 1616 1316 1661; x_wconf 68' lang='grc' dir='ltr'><em>ἀγρομένοισιν</em></span> <span class='ocrx_word' id='word_1_137' title='bbox 1345 1616 1490 1659; x_wconf 68' lang='grc' dir='ltr'><em>ἔμιχθεν,</em></span> 
     </span>
     <span class='ocr_line' id='line_1_22' title="bbox 583 1668 1499 1717; baseline -0.005 -8"><span class='ocrx_word' id='word_1_138' title='bbox 583 1674 737 1710; x_wconf 76' lang='grc' dir='ltr'><em>στάντων</em></span> <span class='ocrx_word' id='word_1_139' title='bbox 759 1675 820 1717; x_wconf 80' lang='grc' dir='ltr'>μὲν</span> <span class='ocrx_word' id='word_1_140' title='bbox 843 1675 1016 1712; x_wconf 71' lang='grc' dir='ltr'><em>Μενέλαος</em></span> <span class='ocrx_word' id='word_1_141' title='bbox 1039 1670 1212 1716; x_wconf 75' lang='grc' dir='ltr'><em>ὑπείρεχεν</em></span> <span class='ocrx_word' id='word_1_142' title='bbox 1235 1669 1351 1715; x_wconf 69' lang='grc' dir='ltr'><em>εὐρέας</em></span> <span class='ocrx_word' id='word_1_143' title='bbox 1376 1668 1499 1713; x_wconf 73' lang='grc' dir='ltr'><em>ὤμους,</em></span> 
     </span>
     <span class='ocr_line' id='line_1_23' title="bbox 583 1722 1437 1773; baseline -0.007 -10"><span class='ocrx_word' id='word_1_144' title='bbox 583 1728 684 1773; x_wconf 73' lang='grc' dir='ltr'><em>ἄμφω</em></span> <span class='ocrx_word' id='word_1_145' title='bbox 709 1728 896 1771; x_wconf 75' lang='grc' dir='ltr'><em>δ’ἑζομένω,</em></span> <span class='ocrx_word' id='word_1_146' title='bbox 922 1726 1148 1771; x_wconf 78' lang='grc' dir='ltr'><em>γεραρώτερος</em></span> <span class='ocrx_word' id='word_1_147' title='bbox 1172 1722 1232 1771; x_wconf 81' lang='grc' dir='ltr'>ἦεν</span> <span class='ocrx_word' id='word_1_148' title='bbox 1256 1724 1437 1765; x_wconf 72' lang='grc' dir='ltr'><em>Ὀδυσσεύς.</em></span> 
     </span>
     <span class='ocr_line' id='line_1_24' title="bbox 583 1777 1473 1826; baseline -0.003 -9"><span class='ocrx_word' id='word_1_149' title='bbox 583 1782 655 1818; x_wconf 70' lang='grc' dir='ltr'>ἀλλ’</span> <span class='ocrx_word' id='word_1_150' title='bbox 680 1779 736 1817; x_wconf 77' lang='grc' dir='ltr'>ὅτε</span> <span class='ocrx_word' id='word_1_151' title='bbox 761 1781 801 1825; x_wconf 81' lang='grc' dir='ltr'>δὴ</span> <span class='ocrx_word' id='word_1_152' title='bbox 825 1781 957 1826; x_wconf 72' lang='grc' dir='ltr'><em>μύθους</em></span> <span class='ocrx_word' id='word_1_153' title='bbox 980 1784 1036 1815; x_wconf 84' lang='grc' dir='ltr'>καὶ</span> <span class='ocrx_word' id='word_1_154' title='bbox 1058 1780 1164 1825; x_wconf 79' lang='grc' dir='ltr'><em>μήδεα</em></span> <span class='ocrx_word' id='word_1_155' title='bbox 1187 1784 1292 1815; x_wconf 77' lang='grc' dir='ltr'><em>πᾶσιν</em></span> <span class='ocrx_word' id='word_1_156' title='bbox 1314 1777 1473 1823; x_wconf 75' lang='grc' dir='ltr'><em>ὕφαινον,</em></span> 
     </span>
     <span class='ocr_line' id='line_1_25' title="bbox 584 1833 1403 1882; baseline -0.004 -11"><span class='ocrx_word' id='word_1_157' title='bbox 584 1833 604 1882; x_wconf 79' lang='grc' dir='ltr'><strong><em>ἦ</em></strong></span> <span class='ocrx_word' id='word_1_158' title='bbox 627 1851 680 1872; x_wconf 82' lang='grc' dir='ltr'><em>τοι</em></span> <span class='ocrx_word' id='word_1_159' title='bbox 703 1839 765 1880; x_wconf 78' lang='grc' dir='ltr'>μὲν</span> <span class='ocrx_word' id='word_1_160' title='bbox 788 1838 961 1875; x_wconf 75' lang='grc' dir='ltr'><em>Μενέλαος</em></span> <span class='ocrx_word' id='word_1_161' title='bbox 984 1834 1209 1879; x_wconf 73' lang='grc' dir='ltr'><em>ἐπιτροχάδην</em></span> <span class='ocrx_word' id='word_1_162' title='bbox 1233 1833 1403 1878; x_wconf 72' lang='grc' dir='ltr'><em>ἀγόρευεν,</em></span> 
     </span>
     <span class='ocr_line' id='line_1_26' title="bbox 581 1887 1555 1935; baseline -0.003 -11"><span class='ocrx_word' id='word_1_163' title='bbox 581 1895 694 1935; x_wconf 79' lang='grc' dir='ltr'><em>παῦρα</em></span> <span class='ocrx_word' id='word_1_164' title='bbox 717 1892 788 1934; x_wconf 77' lang='grc' dir='ltr'><em>μέν,</em></span> <span class='ocrx_word' id='word_1_165' title='bbox 813 1888 898 1924; x_wconf 74' lang='grc' dir='ltr'><em>ἀλλὰ</em></span> <span class='ocrx_word' id='word_1_166' title='bbox 921 1888 1009 1933; x_wconf 83' lang='grc' dir='ltr'><em>μάλα</em></span> <span class='ocrx_word' id='word_1_167' title='bbox 1034 1891 1161 1933; x_wconf 77' lang='grc' dir='ltr'><em>λιγέως,</em></span> <span class='ocrx_word' id='word_1_168' title='bbox 1186 1890 1254 1923; x_wconf 73' lang='grc' dir='ltr'>ἐπεὶ</span> <span class='ocrx_word' id='word_1_169' title='bbox 1282 1887 1323 1923; x_wconf 67' lang='grc' dir='ltr'><em>οὗ</em></span> <span class='ocrx_word' id='word_1_170' title='bbox 1345 1887 1555 1931; x_wconf 63' lang='grc' dir='ltr'><em>πολύμυθος,</em></span> 
     </span>
     <span class='ocr_line' id='line_1_27' title="bbox 583 1938 1458 1988; baseline -0.005 -9"><span class='ocrx_word' id='word_1_171' title='bbox 583 1943 658 1979; x_wconf 65' lang='grc' dir='ltr'><em>οὐδ’</em></span> <span class='ocrx_word' id='word_1_172' title='bbox 684 1943 961 1988; x_wconf 74' lang='grc' dir='ltr'><em>σ’φαμαρτοεπής,</em></span> <span class='ocrx_word' id='word_1_173' title='bbox 986 1945 1016 1977; x_wconf 85' lang='grc' dir='ltr'>εἰ</span> <span class='ocrx_word' id='word_1_174' title='bbox 1038 1946 1094 1977; x_wconf 83' lang='grc' dir='ltr'>καὶ</span> <span class='ocrx_word' id='word_1_175' title='bbox 1118 1945 1204 1987; x_wconf 71' lang='grc' dir='ltr'><em>γένει,</em></span> <span class='ocrx_word' id='word_1_176' title='bbox 1229 1940 1367 1986; x_wconf 61' lang='grc' dir='ltr'><em>ἷῗστερος</em></span> <span class='ocrx_word' id='word_1_177' title='bbox 1392 1938 1458 1986; x_wconf 76' lang='grc' dir='ltr'><em>ἦεν.</em></span> 
     </span>
     <span class='ocr_line' id='line_1_28' title="bbox 582 1995 1410 2043; baseline -0.002 -10"><span class='ocrx_word' id='word_1_178' title='bbox 582 1997 654 2033; x_wconf 74' lang='grc' dir='ltr'>ἀλλ’</span> <span class='ocrx_word' id='word_1_179' title='bbox 678 1995 736 2033; x_wconf 78' lang='grc' dir='ltr'>ὅτε</span> <span class='ocrx_word' id='word_1_180' title='bbox 760 1997 801 2043; x_wconf 76' lang='grc' dir='ltr'>δι)</span> <span class='ocrx_word' id='word_1_181' title='bbox 824 1997 1011 2042; x_wconf 63' lang='grc' dir='ltr'><em>πολύμητις</em></span> <span class='ocrx_word' id='word_1_182' title='bbox 1035 1996 1201 2040; x_wconf 68' lang='grc' dir='ltr'><em>άναίξειεν</em></span> <span class='ocrx_word' id='word_1_183' title='bbox 1227 1995 1410 2039; x_wconf 69' lang='grc' dir='ltr'><em>Ὀδυσσεύς,</em></span> 
     </span>
     <span class='ocr_line' id='line_1_29' title="bbox 583 2052 895 2095; baseline -0.006 -8"><span class='ocrx_word' id='word_1_184' title='bbox 583 2052 734 2095; x_wconf 79' lang='grc' dir='ltr'><em>στάσκεν,</em></span> <span class='ocrx_word' id='word_1_185' title='bbox 760 2061 788 2086; x_wconf 84' lang='lat' dir='ltr'>e.</span> <span class='ocrx_word' id='word_1_186' title='bbox 813 2061 843 2095; x_wconf 86' lang='lat' dir='ltr'>q.</span> <span class='ocrx_word' id='word_1_187' title='bbox 869 2060 895 2085; x_wconf 91' lang='lat' dir='ltr'>S.</span> 
     </span>
    </p>

    <p class='ocr_par' dir='ltr' id='par_1_7' title="bbox 474 2103 1652 2522">
     <span class='ocr_line' id='line_1_30' title="bbox 544 2103 1650 2150; baseline -0.004 -9"><span class='ocrx_word' id='word_1_188' title='bbox 544 2106 764 2150; x_wconf 82' lang='lat' dir='ltr'>Bacchylides</span> <span class='ocrx_word' id='word_1_189' title='bbox 790 2106 890 2150; x_wconf 84' lang='lat' dir='ltr'>igitur</span> <span class='ocrx_word' id='word_1_190' title='bbox 913 2114 990 2139; x_wconf 89' lang='lat' dir='ltr'>cum</span> <span class='ocrx_word' id='word_1_191' title='bbox 1017 2105 1167 2139; x_wconf 89' lang='lat' dir='ltr'>Homero</span> <span class='ocrx_word' id='word_1_192' title='bbox 1191 2105 1274 2139; x_wconf 88' lang='lat' dir='ltr'>satis</span> <span class='ocrx_word' id='word_1_193' title='bbox 1291 2104 1377 2138; x_wconf 87' lang='lat' dir='ltr'>bene</span> <span class='ocrx_word' id='word_1_194' title='bbox 1395 2103 1561 2148; x_wconf 88' lang='lat' dir='ltr'>congruit,</span> <span class='ocrx_word' id='word_1_195' title='bbox 1587 2103 1650 2138; x_wconf 90' lang='lat' dir='ltr'>nisi</span> 
     </span>
     <span class='ocr_line' id='line_1_31' title="bbox 474 2158 1649 2206; baseline -0.004 -10"><span class='ocrx_word' id='word_1_196' title='bbox 474 2162 564 2206; x_wconf 83' lang='lat' dir='ltr'>quod</span> <span class='ocrx_word' id='word_1_197' title='bbox 597 2160 743 2195; x_wconf 89' lang='lat' dir='ltr'>Menelai</span> <span class='ocrx_word' id='word_1_198' title='bbox 775 2159 962 2194; x_wconf 84' lang='lat' dir='ltr'>orationem</span> <span class='ocrx_word' id='word_1_199' title='bbox 996 2159 1108 2203; x_wconf 84' lang='lat' dir='ltr'>magis</span> <span class='ocrx_word' id='word_1_200' title='bbox 1139 2161 1290 2196; x_wconf 79' lang='lat' dir='ltr'>exornat,</span> <span class='ocrx_word' id='word_1_201' title='bbox 1324 2168 1426 2202; x_wconf 85' lang='lat' dir='ltr'>quam</span> <span class='ocrx_word' id='word_1_202' title='bbox 1460 2158 1649 2192; x_wconf 90' lang='lat' dir='ltr'>secundum</span> 
     </span>
     <span class='ocr_line' id='line_1_32' title="bbox 475 2212 1650 2258; baseline -0.004 -8"><span class='ocrx_word' id='word_1_203' title='bbox 475 2217 663 2251; x_wconf 83' lang='lat' dir='ltr'>Homerum</span> <span class='ocrx_word' id='word_1_204' title='bbox 698 2213 957 2258; x_wconf 87' lang='lat' dir='ltr'>exspectaveris,</span> <span class='ocrx_word' id='word_1_205' title='bbox 993 2213 1164 2256; x_wconf 90' lang='lat' dir='ltr'>probabile</span> <span class='ocrx_word' id='word_1_206' title='bbox 1198 2213 1300 2257; x_wconf 88' lang='lat' dir='ltr'>igitur</span> <span class='ocrx_word' id='word_1_207' title='bbox 1332 2215 1382 2246; x_wconf 90' lang='lat' dir='ltr'>est</span> <span class='ocrx_word' id='word_1_208' title='bbox 1417 2212 1507 2246; x_wconf 83' lang='lat' dir='ltr'>hunc</span> <span class='ocrx_word' id='word_1_209' title='bbox 1538 2212 1650 2246; x_wconf 90' lang='lat' dir='ltr'>locum</span> 
     </span>
     <span class='ocr_line' id='line_1_33' title="bbox 476 2266 1650 2312; baseline -0.004 -8"><span class='ocrx_word' id='word_1_210' title='bbox 476 2270 695 2304; x_wconf 87' lang='lat' dir='ltr'>Homericum</span> <span class='ocrx_word' id='word_1_211' title='bbox 728 2270 847 2312; x_wconf 86' lang='lat' dir='ltr'>poetae</span> <span class='ocrx_word' id='word_1_212' title='bbox 879 2268 980 2312; x_wconf 84' lang='lat' dir='ltr'>lyrico</span> <span class='ocrx_word' id='word_1_213' title='bbox 1012 2269 1089 2301; x_wconf 88' lang='lat' dir='ltr'>ante</span> <span class='ocrx_word' id='word_1_214' title='bbox 1121 2269 1238 2301; x_wconf 90' lang='lat' dir='ltr'>oculos</span> <span class='ocrx_word' id='word_1_215' title='bbox 1270 2268 1441 2300; x_wconf 88' lang='lat' dir='ltr'>versatum</span> <span class='ocrx_word' id='word_1_216' title='bbox 1475 2275 1562 2300; x_wconf 86' lang='lat' dir='ltr'>esse.</span> <span class='ocrx_word' id='word_1_217' title='bbox 1617 2266 1650 2300; x_wconf 93' lang='lat' dir='ltr'>ln</span> 
     </span>
     <span class='ocr_line' id='line_1_34' title="bbox 476 2319 1652 2364; baseline -0.003 -6"><span class='ocrx_word' id='word_1_218' title='bbox 476 2325 539 2358; x_wconf 74' lang='lat' dir='ltr'>liae</span> <span class='ocrx_word' id='word_1_219' title='bbox 563 2333 632 2358; x_wconf 89' lang='lat' dir='ltr'>una</span> <span class='ocrx_word' id='word_1_220' title='bbox 657 2333 691 2358; x_wconf 88' lang='lat' dir='ltr'>re</span> <span class='ocrx_word' id='word_1_221' title='bbox 721 2323 762 2357; x_wconf 85' lang='lat' dir='ltr'>ab</span> <span class='ocrx_word' id='word_1_222' title='bbox 789 2323 938 2357; x_wconf 81' lang='lat' dir='ltr'>Homero</span> <span class='ocrx_word' id='word_1_223' title='bbox 968 2321 1076 2355; x_wconf 75' lang='lat' dir='ltr'>differt</span> <span class='ocrx_word' id='word_1_224' title='bbox 1103 2321 1332 2364; x_wconf 77' lang='lat' dir='ltr'>Bacchylides.</span> <span class='ocrx_word' id='word_1_225' title='bbox 1365 2321 1455 2364; x_wconf 89' lang='lat' dir='ltr'>quod</span> <span class='ocrx_word' id='word_1_226' title='bbox 1481 2319 1652 2356; x_wconf 85' lang='lat' dir='ltr'>Stesicho-</span> 
     </span>
     <span class='ocr_line' id='line_1_35' title="bbox 475 2374 1651 2421; baseline -0.003 -9"><span class='ocrx_word' id='word_1_227' title='bbox 475 2388 548 2412; x_wconf 89' lang='lat' dir='ltr'>rum</span> <span class='ocrx_word' id='word_1_228' title='bbox 575 2377 626 2421; x_wconf 83' lang='lat' dir='ltr'>(ir.</span> <span class='ocrx_word' id='word_1_229' title='bbox 652 2381 693 2411; x_wconf 85' lang='lat'>42</span> <span class='ocrx_word' id='word_1_230' title='bbox 720 2377 845 2421; x_wconf 81' lang='lat' dir='ltr'>Bergk)</span> <span class='ocrx_word' id='word_1_231' title='bbox 870 2378 901 2410; x_wconf 90' lang='lat' dir='ltr'>et</span> <span class='ocrx_word' id='word_1_232' title='bbox 925 2376 1068 2410; x_wconf 78' lang='lat' dir='ltr'>fortasse</span> <span class='ocrx_word' id='word_1_233' title='bbox 1095 2375 1281 2409; x_wconf 89' lang='lat' dir='ltr'>Hesiodum</span> <span class='ocrx_word' id='word_1_234' title='bbox 1310 2375 1456 2418; x_wconf 79' lang='lat' dir='ltr'>(Robert.</span> <span class='ocrx_word' id='word_1_235' title='bbox 1485 2374 1556 2409; x_wconf 81' lang='lat' dir='ltr'>Bild</span> <span class='ocrx_word' id='word_1_236' title='bbox 1582 2375 1651 2408; x_wconf 93' lang='lat' dir='ltr'>und</span> 
     </span>
     <span class='ocr_line' id='line_1_36' title="bbox 476 2428 1652 2476; baseline -0.004 -9"><span class='ocrx_word' id='word_1_237' title='bbox 476 2433 553 2467; x_wconf 89' lang='lat' dir='ltr'>Lied</span> <span class='ocrx_word' id='word_1_238' title='bbox 584 2434 656 2476; x_wconf 82' lang='lat'>190)</span> <span class='ocrx_word' id='word_1_239' title='bbox 683 2433 818 2467; x_wconf 90' lang='lat' dir='ltr'>secutus</span> <span class='ocrx_word' id='word_1_240' title='bbox 843 2431 1037 2465; x_wconf 86' lang='lat' dir='ltr'>Menelaum</span> <span class='ocrx_word' id='word_1_241' title='bbox 1064 2439 1133 2464; x_wconf 93' lang='lat' dir='ltr'>non</span> <span class='ocrx_word' id='word_1_242' title='bbox 1151 2429 1250 2468; x_wconf 77' lang='lat' dir='ltr'>Atrei.</span> <span class='ocrx_word' id='word_1_243' title='bbox 1277 2430 1336 2464; x_wconf 90' lang='lat' dir='ltr'>sed</span> <span class='ocrx_word' id='word_1_244' title='bbox 1363 2429 1566 2464; x_wconf 84' lang='lat' dir='ltr'>Pleisthenis</span> <span class='ocrx_word' id='word_1_245' title='bbox 1590 2428 1652 2462; x_wconf 83' lang='lat' dir='ltr'>fili-</span> 
     </span>
     <span class='ocr_line' id='line_1_37' title="bbox 475 2488 665 2522; baseline -0.016 0"><span class='ocrx_word' id='word_1_246' title='bbox 475 2498 531 2522; x_wconf 89' lang='lat' dir='ltr'>um</span> <span class='ocrx_word' id='word_1_247' title='bbox 558 2488 665 2522; x_wconf 89' lang='lat' dir='ltr'>vocat.</span> 
     </span>
    </p>

    <p class='ocr_par' dir='ltr' id='par_1_8' title="bbox 549 2544 1592 2585">
     <span class='ocr_line' id='line_1_38' title="bbox 549 2544 1592 2585; baseline -0.005 -7"><span class='ocrx_word' id='word_1_248' title='bbox 549 2551 569 2585; x_wconf 88' lang='grc' dir='ltr'>ι)</span> <span class='ocrx_word' id='word_1_249' title='bbox 588 2544 703 2578; x_wconf 65' lang='grc' dir='ltr'><em>Τὴ-εἶιῖο</em></span> <span class='ocrx_word' id='word_1_250' title='bbox 723 2550 795 2584; x_wconf 83' lang='lat' dir='ltr'>apud</span> <span class='ocrx_word' id='word_1_251' title='bbox 817 2549 967 2577; x_wconf 84' lang='lat' dir='ltr'>Homerum</span> <span class='ocrx_word' id='word_1_252' title='bbox 988 2556 1098 2583; x_wconf 86' lang='lat' dir='ltr'>quoque</span> <span class='ocrx_word' id='word_1_253' title='bbox 1119 2548 1268 2576; x_wconf 84' lang='lat' dir='ltr'>Antenoris</span> <span class='ocrx_word' id='word_1_254' title='bbox 1287 2555 1357 2575; x_wconf 87' lang='lat' dir='ltr'>uxor</span> <span class='ocrx_word' id='word_1_255' title='bbox 1377 2549 1419 2575; x_wconf 74' lang='lat' dir='ltr'>est</span> <span class='ocrx_word' id='word_1_256' title='bbox 1439 2547 1459 2574; x_wconf 91' lang='lat' dir='ltr'>Z</span> <span class='ocrx_word' id='word_1_257' title='bbox 1480 2549 1531 2575; x_wconf 79' lang='lat'>298</span> <span class='ocrx_word' id='word_1_258' title='bbox 1551 2555 1592 2581; x_wconf 87' lang='lat' dir='ltr'>sq.</span> 
     </span>
    </p>
   </div>
   <div class='ocr_carea' id='block_1_5' title="bbox 474 2545 595 2548">
    <p class='ocr_par' dir='ltr' id='par_1_9' title="bbox 474 2545 595 2548">
     <span class='ocr_line' id='line_1_39' title="bbox 474 2545 595 2548; baseline 0 0"><span class='ocrx_word' id='word_1_259' title='bbox 474 2545 595 2548; x_wconf 95' lang='lat' dir='ltr'> </span> 
     </span>
    </p>
   </div>
   <div class='ocr_carea' id='block_1_6' title="bbox 1919 2931 1966 3083">
    <p class='ocr_par' dir='ltr' id='par_1_10' title="bbox 1919 2931 1966 3083">
     <span class='ocr_line' id='line_1_40' title="bbox 1919 2931 1966 3083; textangle 90"><span class='ocrx_word' id='word_1_260' title='bbox 1962 3075 1965 3083; x_wconf 82' lang='lat'>-</span> <span class='ocrx_word' id='word_1_261' title='bbox 1962 3057 1965 3065; x_wconf 64' lang='grc'><em>,</em></span> <span class='ocrx_word' id='word_1_262' title='bbox 1942 2953 1966 3031; x_wconf 49' lang='lat' dir='ltr'>-..ml</span> <span class='ocrx_word' id='word_1_263' title='bbox 1919 2931 1931 2934; x_wconf 52' lang='lat'><em>¹</em></span> 
     </span>
    </p>
   </div>
  </div>
 </body>
</html>
