2303 3141
1122 517 1297 548 -23—

621 609 825 644 animalibus
858 611 1025 655 rebusque
1050 612 1205 647 attributa
1231 613 1434 652 invenimus.
1467 624 1554 658 quae
1579 615 1620 649 ab
1647 615 1797 650 Homero

620 671 756 705 semper
780 663 853 698 deis
878 665 1140 710 hominibusque
1165 668 1317 710 apposita
1342 672 1437 702 sunt:

618 724 674 760 XII
697 727 757 761 160
781 730 864 768 νᾶας
888 730 1117 770 κυανώπιόαςῖ
1141 745 1163 775 μ
1181 733 1224 765 60
1248 731 1464 773 κυανώπιδος
1489 730 1699 780 Ἀμφιτρίτης

619 779 647 813 V
671 784 729 814 104
755 780 914 826 εὐρυβίαν
937 785 1068 827 κάπθθν
1098 787 1115 945 j
1223 818 1301 860 hym
1341 818 1368 851 V
1395 822 1457 852 294

617 834 706 868 Χ52
753 836 891 880 πλούτῳ
916 836 1052 882 εὐρυβίῃ
1215 870 1221 881 ,
1284 875 1308 884 7,
1408 877 1416 882 ³
1468 877 1482 882 ,

1192 878 1328 915 ευρυβιῃ
1354 876 1482 917 Κελειῳ

617 888 678 922 XV
693 892 730 922 31
753 889 886 932 φθόνος
911 890 1067 935 εὐρυβίας

618 942 627 976 1
658 945 717 976 164
742 945 851 978 ἐλπίδι
875 947 1075 991 κυόροτέρᾳὶ
1100 951 1134 981 Σ
1155 951 1214 981 184
1238 948 1318 987 Διὸς
1341 948 1447 993 κυδρὴ
1470 951 1668 994 παράκοιτις

617 996 646 1030 Χ
667 999 727 1030 102
753 1000 933 1033 δυστάνοιο
958 1000 1095 1040 λύσσαςῑ
1121 1015 1135 1035 ε
1153 1004 1217 1035 436
1243 1002 1407 1047 δύστηνος
1433 1002 1602 1044 Ὀδυσσεύς
1627 1006 1776 1048 (Semper

1511 1059 1553 1091 de
1579 1058 1792 1101 hominibus)

617 1103 646 1137 V
664 1108 705 1138 23
739 1104 869 1150 ὄρνιχες
893 1109 1115 1152 λιγύφθογγοι
1201 1150 1209 1157 ι
1241 1109 1267 1143 Β
1293 1114 1336 1144 50
1360 1111 1539 1155 κηρύκεσσι

616 1158 659 1192 IX
681 1162 718 1192 10
741 1159 976 1205 λιγύφθογγον
997 1109 1185 1215 mamam}
1201 1168 1209 1175 '
1271 1167 1526 1209 λιγυφθόγοισι.

681 1221 732 1255 Ab
758 1225 862 1257 altera
887 1225 999 1257 autem
1026 1227 1118 1267 parte
1142 1228 1337 1270 χρυσάμπυξ
1361 1229 1450 1270 apud
1477 1228 1664 1263 Homerum
1689 1239 1792 1273 equo-

617 1285 690 1309 rum
732 1278 820 1319 apud
854 1277 1091 1321 Bacchylidem
1126 1279 1271 1314 Uraniae
1309 1282 1394 1315 deae
1430 1282 1600 1324 epitheton
1633 1286 1692 1317 est.
1741 1282 1790 1318 Cf.

615 1329 734 1375 Bacch.
754 1330 781 1363 V
804 1335 841 1365 13
866 1334 1100 1376 χρυσάμπυκος
1132 1333 1299 1378 Οὐρανίας
1330 1344 1406 1369 cum
1438 1336 1538 1370 Hom.
1564 1341 1595 1371 E
1617 1341 1682 1371 358
1713 1338 1791 1371 alibi

611 1386 847 1428 χρυσάμπυκας
871 1386 952 1421 ἵππο
958 1401 993 1426 υς
1003 1390 1039 1429 ¹).

679 1448 721 1480 At
758 1457 825 1482 non
860 1451 970 1483 solum
1007 1450 1146 1484 deorum
1182 1452 1393 1496 heroumque
1426 1453 1572 1496 epitheta
1607 1454 1789 1489 Homerica

612 1501 686 1536 aliis
727 1503 872 1538 tribuere
913 1507 1005 1538 amat
1037 1505 1267 1549 Bacchylides.
1304 1509 1393 1542 haud
1427 1518 1502 1542 raro
1534 1509 1690 1544 transfert
1723 1510 1789 1544 alia

610 1556 756 1598 epitheta
792 1557 971 1592 Homerica
1006 1559 1039 1593 in
1073 1560 1139 1594 alia
1172 1561 1322 1599 nomina,
1355 1563 1397 1595 ad
1432 1572 1520 1606 quae
1554 1572 1621 1597 non
1654 1573 1790 1608 semper

611 1610 697 1644 bene
722 1613 898 1655 quadrant.
948 1612 1052 1648 Cuius
1078 1624 1160 1649 usus
1186 1615 1270 1649 haec
1294 1619 1450 1660 exempla
1475 1617 1596 1651 affero:

677 1664 777 1699 Haud
814 1668 916 1710 longe
948 1668 989 1700 ab
1021 1671 1177 1711 exemplo
1210 1669 1392 1704 Homerico
1425 1671 1548 1705 recedit
1579 1675 1677 1715 poeta
1709 1682 1786 1707 cum

609 1718 780 1760 epitheton
799 1720 934 1763 aliquod
953 1722 995 1754 ad
1014 1722 1103 1755 aliud
1123 1732 1248 1757 nomen
1266 1733 1483 1767 synonymon
1505 1726 1661 1760 transfert
1678 1729 1786 1761 velut:

609 1771 708 1805 XVIII
727 1775 746 1807 9
770 1774 997 1818 πολυηράτοις
1015 1774 1193 1816 ’Λθάναιςῑ
1218 1782 1236 1810 λ
1255 1781 1317 1811 275
1345 1778 1439 1822 Θήβῃ
1462 1782 1664 1824 πολυηράτῳ

608 1825 651 1858 IX
668 1829 704 1859 31
734 1826 918 1871 εὐρύχορον
938 1827 1071 1872 ’Ἀργοςί
1097 1835 1115 1863 λ
1133 1833 1196 1864 265
1222 1829 1406 1875 εὐρύχορον
1433 1834 1546 1877 Θήβην

609 1878 637 1911 V
660 1882 719 1913 184
744 1879 928 1925 εὐπύργους
952 1884 1166 1926 Συρακόσαςῖ
1192 1888 1224 1917 ΙΙ
1239 1888 1275 1917 71
1310 1888 1409 1930 Τροίη
1434 1885 1598 1930 εὔπυργος

607 1932 637 1966 Χ
661 1937 681 1966 4
704 1936 908 1979 πολυχρύσῳ
933 1934 1098 1981 Ὀλῦμπῳῖ
1124 1942 1158 1971 Σ
1174 1941 1236 1973 289
1261 1941 1426 1982 Πριάμοιο
1450 1942 1550 1974 πόλιν
1572 1943 1786 1985 πολύχρυσον

607 1985 645 2019 fr.
658 1989 732 2024 252
755 1990 1032 2032 πολιοκρόταφοι·
1055 1994 1172 2035 γῆραςῖ
1193 1996 1220 2026 Θ
1234 1995 1298 2026 518
1313 1996 1609 2038 πολιοκροτάφους
1626 1998 1785 2039 γέροντας

605 2039 635 2073 Χ
652 2043 696 2073 84
721 2039 863 2085 ἄδματοι
888 2042 1067 2088 θύγατρεςῑ
1093 2050 1110 2088 ζ
1132 2049 1190 2080 109
1214 2049 1386 2090 παρθένος
1410 2046 1516 2093 α’δμής

605 2095 636 2129 Χ
654 2098 695 2129 26
721 2094 864 2139 Ἀλφεὸν
887 2098 1084 2142 καλλιρόαν;
1110 2103 1140 2133 Β
1156 2103 1219 2134 752
1244 2104 1448 2146 καλλίρροον
1474 2100 1564 2147 ὕδωρ

604 2149 679 2183 XVI
695 2153 737 2184 82
763 2151 942 2186 εύπάκτων
968 2154 1099 2196 ἰκρίωνῐ
1124 2158 1154 2187 Β
1170 2156 1229 2188 661
1258 2155 1391 2199 μεγάρῳ
1415 2155 1572 2201 εἶπήκτῳ

605 2203 691 2238 XVII
709 2207 751 2239 33
776 2208 972 2250 πολεμηΐοις
995 2203 1144 2242 ὅπλοισιῑ
1170 2213 1203 2242 H
1223 2212 1281 2244 193
1305 2211 1469 2254 πολεμήϊα
1492 2210 1619 2255 τείχεα.

671 2266 824 2302 Liberius
849 2270 962 2303 autem
988 2270 1058 2314 agit
1083 2270 1135 2305 his
1161 2271 1260 2306 locis:

604 2319 633 2354 V
654 2323 715 2355 116
741 2325 800 2362 σῦς
824 2322 1014 2368 ἐριθρύχαςί
1040 2325 1130 2368 hym.
1150 2325 1185 2359 111
1208 2327 1267 2360 116
1292 2326 1488 2371 ἐριβρύχους
1511 2331 1594 2370 βοῖς

603 2374 665 2408 XV
682 2378 723 2411 20
749 2374 905 2421 ἀγγελίαν
928 2381 1156 2414 ταλαπενθέαῑ
1181 2394 1196 2415 ε
1214 2383 1276 2414 222
1302 2379 1414 2426 θυμὸν
1436 2385 1650 2417 ταλαπενθέα

677 2457 698 2492 ¹)
717 2457 754 2486 At
774 2458 799 2486 in
820 2458 894 2494 hym.
915 2459 996 2487 Hom.
1017 2459 1053 2488 VI
1074 2463 1089 2488 5
1109 2462 1137 2489 et
1159 2464 1189 2489 12
1209 2461 1409 2497 χρυσάμπυκες
1423 2458 1507 2498 Ὧραι
1529 2465 1646 2492 exstant.
