<?xml version="1.0" encoding="UTF-8"?>
<!DOCTYPE html PUBLIC "-//W3C//DTD XHTML 1.0 Transitional//EN"
    "http://www.w3.org/TR/xhtml1/DTD/xhtml1-transitional.dtd">
<html xmlns="http://www.w3.org/1999/xhtml" xml:lang="en" lang="en">
 <head>
  <title>
</title>
<meta http-equiv="Content-Type" content="text/html;charset=utf-8" />
  <meta name='ocr-system' content='tesseract 3.04.00' />
  <meta name='ocr-capabilities' content='ocr_page ocr_carea ocr_par ocr_line ocrx_word'/>
</head>
<body>
  <div class='ocr_page' id='page_1' title='image "./debacchylidehome00bussuoft_0031.png"; bbox 0 0 2303 3141; ppageno 0'>
   <div class='ocr_carea' id='block_1_1' title="bbox 298 2189 307 2734">
    <p class='ocr_par' dir='ltr' id='par_1_1' title="bbox 298 2189 307 2734">
     <span class='ocr_line' id='line_1_1' title="bbox 298 2189 307 2734; baseline 0 0"><span class='ocrx_word' id='word_1_1' title='bbox 298 2189 307 2734; x_wconf 95' lang='lat' dir='ltr'> </span> 
     </span>
    </p>
   </div>
   <div class='ocr_carea' id='block_1_2' title="bbox 600 639 1779 1280">
    <p class='ocr_par' dir='ltr' id='par_1_2' title="bbox 600 639 1779 1280">
     <span class='ocr_line' id='line_1_2' title="bbox 923 639 1330 684; baseline -0.002 -10"><span class='ocrx_word' id='word_1_2' title='bbox 923 643 1090 684; x_wconf 75' lang='grc' dir='ltr'><em>πασσυδίᾳ</em></span> <span class='ocrx_word' id='word_1_3' title='bbox 1117 642 1151 673; x_wconf 81' lang='grc' dir='ltr'>δὲ</span> <span class='ocrx_word' id='word_1_4' title='bbox 1176 639 1330 678; x_wconf 74' lang='grc' dir='ltr'><em>λιπόντες</em></span> 
     </span>
     <span class='ocr_line' id='line_1_3' title="bbox 923 695 1291 738; baseline -0.003 -10"><span class='ocrx_word' id='word_1_5' title='bbox 923 697 1031 738; x_wconf 86' lang='grc' dir='ltr'><em>τείχεα</em></span> <span class='ocrx_word' id='word_1_6' title='bbox 1054 695 1291 737; x_wconf 77' lang='grc' dir='ltr'><em>Λαομέδοντος</em></span> 
     </span>
     <span class='ocr_line' id='line_1_4' title="bbox 1030 746 1398 792; baseline -0.005 -9"><span class='ocrx_word' id='word_1_7' title='bbox 1030 749 1063 788; x_wconf 80' lang='grc' dir='ltr'>ἐς</span> <span class='ocrx_word' id='word_1_8' title='bbox 1089 750 1209 783; x_wconf 82' lang='grc' dir='ltr'><em>πεδίον</em></span> <span class='ocrx_word' id='word_1_9' title='bbox 1232 746 1398 792; x_wconf 76' lang='grc' dir='ltr'><em>κρατερὰν</em></span> 
     </span>
     <span class='ocr_line' id='line_1_5' title="bbox 1030 801 1487 847; baseline 0 -10"><span class='ocrx_word' id='word_1_10' title='bbox 1030 801 1128 846; x_wconf 68' lang='grc' dir='ltr'><em>ἄϊξαν</em></span> <span class='ocrx_word' id='word_1_11' title='bbox 1150 801 1294 847; x_wconf 62' lang='grc' dir='ltr'><em>ὑσμίναν</em></span> <span class='ocrx_word' id='word_1_12' title='bbox 1318 805 1487 846; x_wconf 80' lang='grc' dir='ltr'><em>φέροντες·</em></span> 
     </span>
     <span class='ocr_line' id='line_1_6' title="bbox 923 854 1410 901; baseline -0.002 -9"><span class='ocrx_word' id='word_1_13' title='bbox 923 854 1038 901; x_wconf 74' lang='grc' dir='ltr'><em>ὦρσάν</em></span> <span class='ocrx_word' id='word_1_14' title='bbox 1060 871 1095 892; x_wconf 84' lang='grc' dir='ltr'>τε</span> <span class='ocrx_word' id='word_1_15' title='bbox 1121 857 1232 901; x_wconf 76' lang='grc' dir='ltr'><em>φόβον</em></span> <span class='ocrx_word' id='word_1_16' title='bbox 1256 860 1410 896; x_wconf 83' lang='grc' dir='ltr'><em>Δαναοῖς·</em></span> 
     </span>
     <span class='ocr_line' id='line_1_7' title="bbox 669 911 1779 954; baseline -0.002 -8"><span class='ocrx_word' id='word_1_17' title='bbox 669 911 840 946; x_wconf 83' lang='lat' dir='ltr'>Homerus</span> <span class='ocrx_word' id='word_1_18' title='bbox 873 921 950 945; x_wconf 90' lang='lat' dir='ltr'>curn</span> <span class='ocrx_word' id='word_1_19' title='bbox 984 911 1151 952; x_wconf 83' lang='lat' dir='ltr'>Trojanos</span> <span class='ocrx_word' id='word_1_20' title='bbox 1184 911 1330 954; x_wconf 90' lang='lat' dir='ltr'>primum</span> <span class='ocrx_word' id='word_1_21' title='bbox 1366 920 1407 944; x_wconf 89' lang='lat' dir='ltr'>ex</span> <span class='ocrx_word' id='word_1_22' title='bbox 1442 911 1524 944; x_wconf 90' lang='lat' dir='ltr'>urbe</span> <span class='ocrx_word' id='word_1_23' title='bbox 1557 911 1779 953; x_wconf 84' lang='lat' dir='ltr'>procedentes</span> 
     </span>
     <span class='ocr_line' id='line_1_8' title="bbox 602 965 1460 1009; baseline -0.002 -10"><span class='ocrx_word' id='word_1_24' title='bbox 602 966 758 1000; x_wconf 87' lang='lat' dir='ltr'>describit</span> <span class='ocrx_word' id='word_1_25' title='bbox 782 965 864 1000; x_wconf 88' lang='lat' dir='ltr'>satis</span> <span class='ocrx_word' id='word_1_26' title='bbox 887 975 996 1009; x_wconf 87' lang='lat' dir='ltr'>pauca</span> <span class='ocrx_word' id='word_1_27' title='bbox 1021 965 1124 1000; x_wconf 88' lang='lat' dir='ltr'>verba</span> <span class='ocrx_word' id='word_1_28' title='bbox 1147 965 1226 999; x_wconf 78' lang='lat' dir='ltr'>iacit</span> <span class='ocrx_word' id='word_1_29' title='bbox 1251 965 1277 999; x_wconf 92' lang='lat' dir='ltr'>B</span> <span class='ocrx_word' id='word_1_30' title='bbox 1301 968 1366 1000; x_wconf 88' lang='lat'>809</span> <span class='ocrx_word' id='word_1_31' title='bbox 1391 974 1460 1008; x_wconf 86' lang='lat' dir='ltr'>sq.:</span> 
     </span>
     <span class='ocr_line' id='line_1_9' title="bbox 760 1018 1618 1066; baseline -0.002 -11"><span class='ocrx_word' id='word_1_32' title='bbox 760 1025 865 1055; x_wconf 88' lang='grc' dir='ltr'><em>πᾶσαι</em></span> <span class='ocrx_word' id='word_1_33' title='bbox 890 1019 920 1055; x_wconf 66' lang='lat'>&amp;³</span> <span class='ocrx_word' id='word_1_34' title='bbox 945 1019 1110 1066; x_wconf 68' lang='grc' dir='ltr'><em>ὠΐγνυντο</em></span> <span class='ocrx_word' id='word_1_35' title='bbox 1137 1020 1252 1063; x_wconf 76' lang='grc' dir='ltr'><em>πύλαι,</em></span> <span class='ocrx_word' id='word_1_36' title='bbox 1277 1022 1313 1054; x_wconf 82' lang='grc' dir='ltr'>ἐκ</span> <span class='ocrx_word' id='word_1_37' title='bbox 1338 1018 1368 1054; x_wconf 73' lang='grc' dir='ltr'>δ’</span> <span class='ocrx_word' id='word_1_38' title='bbox 1393 1021 1511 1054; x_wconf 77' lang='grc' dir='ltr'><em>ἔσσυτο</em></span> <span class='ocrx_word' id='word_1_39' title='bbox 1536 1018 1618 1058; x_wconf 74' lang='grc' dir='ltr'><em>λαός</em></span> 
     </span>
     <span class='ocr_line' id='line_1_10' title="bbox 760 1072 1687 1119; baseline -0.003 -9"><span class='ocrx_word' id='word_1_40' title='bbox 760 1078 856 1118; x_wconf 71' lang='grc' dir='ltr'><em>,πεζοί</em></span> <span class='ocrx_word' id='word_1_41' title='bbox 883 1073 919 1109; x_wconf 75' lang='grc' dir='ltr'>θ’</span> <span class='ocrx_word' id='word_1_42' title='bbox 943 1076 1062 1119; x_wconf 80' lang='grc' dir='ltr'><em>ἱππῆές</em></span> <span class='ocrx_word' id='word_1_43' title='bbox 1086 1084 1130 1109; x_wconf 88' lang='grc' dir='ltr'>τε·</span> <span class='ocrx_word' id='word_1_44' title='bbox 1155 1073 1262 1114; x_wconf 73' lang='grc' dir='ltr'><em>πολὺς</em></span> <span class='ocrx_word' id='word_1_45' title='bbox 1287 1073 1317 1108; x_wconf 80' lang='lat'>‹5&#39;</span> <span class='ocrx_word' id='word_1_46' title='bbox 1339 1072 1530 1118; x_wconf 72' lang='grc' dir='ltr'><em>ὀρυμαγδὸς</em></span> <span class='ocrx_word' id='word_1_47' title='bbox 1552 1072 1687 1117; x_wconf 78' lang='grc' dir='ltr'><em>ὀρώρει,</em></span> 
     </span>
     <span class='ocr_line' id='line_1_11' title="bbox 601 1127 1779 1174; baseline -0.002 -12"><span class='ocrx_word' id='word_1_48' title='bbox 601 1129 660 1162; x_wconf 89' lang='lat' dir='ltr'>sed</span> <span class='ocrx_word' id='word_1_49' title='bbox 679 1129 876 1163; x_wconf 88' lang='lat' dir='ltr'>adverbium</span> <span class='ocrx_word' id='word_1_50' title='bbox 900 1131 1068 1174; x_wconf 74' lang='grc' dir='ltr'>πασσυδίᾳ</span> <span class='ocrx_word' id='word_1_51' title='bbox 1093 1130 1182 1172; x_wconf 91' lang='lat' dir='ltr'>apud</span> <span class='ocrx_word' id='word_1_52' title='bbox 1211 1128 1448 1171; x_wconf 78' lang='lat' dir='ltr'>Bacchylidem</span> <span class='ocrx_word' id='word_1_53' title='bbox 1474 1128 1598 1171; x_wconf 84' lang='lat' dir='ltr'>pendet</span> <span class='ocrx_word' id='word_1_54' title='bbox 1622 1127 1656 1161; x_wconf 89' lang='lat' dir='ltr'>ni</span> <span class='ocrx_word' id='word_1_55' title='bbox 1680 1127 1779 1161; x_wconf 77' lang='lat' dir='ltr'>fallor</span> 
     </span>
     <span class='ocr_line' id='line_1_12' title="bbox 602 1182 1777 1228; baseline 0 -12"><span class='ocrx_word' id='word_1_56' title='bbox 602 1193 621 1216; x_wconf 92' lang='lat' dir='ltr'>a</span> <span class='ocrx_word' id='word_1_57' title='bbox 645 1192 745 1217; x_wconf 86' lang='lat' dir='ltr'>versu</span> <span class='ocrx_word' id='word_1_58' title='bbox 769 1187 834 1219; x_wconf 89' lang='grc'>809</span> <span class='ocrx_word' id='word_1_59' title='bbox 857 1183 1007 1218; x_wconf 83' lang='lat' dir='ltr'>Homeri.</span> <span class='ocrx_word' id='word_1_60' title='bbox 1055 1183 1101 1218; x_wconf 86' lang='lat' dir='ltr'>Illi</span> <span class='ocrx_word' id='word_1_61' title='bbox 1118 1193 1253 1228; x_wconf 90' lang='lat' dir='ltr'>quoque</span> <span class='ocrx_word' id='word_1_62' title='bbox 1268 1192 1397 1221; x_wconf 88' lang='lat' dir='ltr'>versus,</span> <span class='ocrx_word' id='word_1_63' title='bbox 1416 1183 1538 1227; x_wconf 87' lang='lat' dir='ltr'>quibus</span> <span class='ocrx_word' id='word_1_64' title='bbox 1556 1182 1777 1226; x_wconf 85' lang='lat' dir='ltr'>Bacchylides</span> 
     </span>
     <span class='ocr_line' id='line_1_13' title="bbox 600 1236 1775 1280; baseline 0 -10"><span class='ocrx_word' id='word_1_65' title='bbox 600 1246 740 1271; x_wconf 88' lang='lat' dir='ltr'>causam</span> <span class='ocrx_word' id='word_1_66' title='bbox 777 1237 846 1271; x_wconf 85' lang='lat' dir='ltr'>irae</span> <span class='ocrx_word' id='word_1_67' title='bbox 880 1238 1020 1272; x_wconf 86' lang='lat' dir='ltr'>Achillis</span> <span class='ocrx_word' id='word_1_68' title='bbox 1056 1240 1178 1276; x_wconf 84' lang='lat' dir='ltr'>narrat.</span> <span class='ocrx_word' id='word_1_69' title='bbox 1216 1238 1258 1271; x_wconf 90' lang='lat' dir='ltr'>ad</span> <span class='ocrx_word' id='word_1_70' title='bbox 1300 1237 1438 1271; x_wconf 85' lang='lat' dir='ltr'>Homeri</span> <span class='ocrx_word' id='word_1_71' title='bbox 1476 1238 1587 1271; x_wconf 93' lang='lat' dir='ltr'>locum</span> <span class='ocrx_word' id='word_1_72' title='bbox 1628 1236 1775 1280; x_wconf 89' lang='lat' dir='ltr'>aliquem</span> 
     </span>
    </p>
   </div>
   <div class='ocr_carea' id='block_1_3' title="bbox 600 1290 1461 1390">
    <p class='ocr_par' dir='ltr' id='par_1_3' title="bbox 600 1290 1461 1390">
     <span class='ocr_line' id='line_1_14' title="bbox 600 1290 1461 1335; baseline 0 -11"><span class='ocrx_word' id='word_1_73' title='bbox 600 1291 753 1333; x_wconf 87' lang='lat' dir='ltr'>proxime</span> <span class='ocrx_word' id='word_1_74' title='bbox 777 1292 950 1326; x_wconf 88' lang='lat' dir='ltr'>accedunt.</span> <span class='ocrx_word' id='word_1_75' title='bbox 1003 1290 1052 1326; x_wconf 84' lang='lat' dir='ltr'>Cf.</span> <span class='ocrx_word' id='word_1_76' title='bbox 1079 1291 1199 1326; x_wconf 85' lang='lat' dir='ltr'>Bacch.</span> <span class='ocrx_word' id='word_1_77' title='bbox 1224 1301 1255 1325; x_wconf 89' lang='lat' dir='ltr'>v.</span> <span class='ocrx_word' id='word_1_78' title='bbox 1286 1295 1344 1325; x_wconf 86' lang='lat'>135</span> <span class='ocrx_word' id='word_1_79' title='bbox 1370 1301 1461 1335; x_wconf 79' lang='lat' dir='ltr'>sqq:</span> 
     </span>
     <span class='ocr_line' id='line_1_15' title="bbox 1307 1344 1454 1390; baseline 0 -11"><span class='ocrx_word' id='word_1_80' title='bbox 1307 1344 1454 1390; x_wconf 78' lang='grc' dir='ltr'>Ἀχιλλέα</span> 
     </span>
    </p>
   </div>
   <div class='ocr_carea' id='block_1_4' title="bbox 593 1398 1772 2212">
    <p class='ocr_par' dir='ltr' id='par_1_4' title="bbox 593 1398 1772 2212">
     <span class='ocr_line' id='line_1_16' title="bbox 933 1398 1347 1444; baseline 0 -10"><span class='ocrx_word' id='word_1_81' title='bbox 933 1398 1087 1444; x_wconf 81' lang='grc' dir='ltr'>μίμνοντ’</span> <span class='ocrx_word' id='word_1_82' title='bbox 1115 1401 1151 1434; x_wconf 83' lang='grc' dir='ltr'><em>ἐν</em></span> <span class='ocrx_word' id='word_1_83' title='bbox 1178 1402 1347 1443; x_wconf 81' lang='grc' dir='ltr'><em>κλισίῃσιν</em></span> 
     </span>
     <span class='ocr_line' id='line_1_17' title="bbox 934 1453 1403 1498; baseline -0.002 -9"><span class='ocrx_word' id='word_1_84' title='bbox 934 1455 1059 1489; x_wconf 78' lang='grc' dir='ltr'><em>εἵνεκεν</em></span> <span class='ocrx_word' id='word_1_85' title='bbox 1083 1457 1212 1497; x_wconf 74' lang='grc' dir='ltr'><em>ξανθᾶς</em></span> <span class='ocrx_word' id='word_1_86' title='bbox 1235 1453 1403 1498; x_wconf 72' lang='grc' dir='ltr'><em>γυναικός,</em></span> 
     </span>
     <span class='ocr_line' id='line_1_18' title="bbox 934 1509 1330 1554; baseline 0 -11"><span class='ocrx_word' id='word_1_87' title='bbox 934 1511 1115 1554; x_wconf 78' lang='grc' dir='ltr'><em>Βρισηΐδος</em></span> <span class='ocrx_word' id='word_1_88' title='bbox 1139 1509 1330 1554; x_wconf 80' lang='grc' dir='ltr'><em>ἱμερογυίου</em></span> 
     </span>
     <span class='ocr_line' id='line_1_19' title="bbox 597 1561 1034 1607; baseline 0.005 -12"><span class='ocrx_word' id='word_1_89' title='bbox 597 1571 674 1596; x_wconf 90' lang='lat' dir='ltr'>cum</span> <span class='ocrx_word' id='word_1_90' title='bbox 700 1561 801 1597; x_wconf 88' lang='lat' dir='ltr'>Hom.</span> <span class='ocrx_word' id='word_1_91' title='bbox 827 1562 854 1596; x_wconf 92' lang='lat' dir='ltr'>B</span> <span class='ocrx_word' id='word_1_92' title='bbox 878 1565 943 1597; x_wconf 83' lang='lat'>688</span> <span class='ocrx_word' id='word_1_93' title='bbox 967 1572 1034 1607; x_wconf 91' lang='lat' dir='ltr'>sq.:</span> 
     </span>
     <span class='ocr_line' id='line_1_20' title="bbox 752 1615 1613 1662; baseline 0 -11"><span class='ocrx_word' id='word_1_94' title='bbox 752 1625 848 1652; x_wconf 70' lang='grc' dir='ltr'><em>κεῖτο</em></span> <span class='ocrx_word' id='word_1_95' title='bbox 872 1615 934 1662; x_wconf 80' lang='grc' dir='ltr'>γὰρ</span> <span class='ocrx_word' id='word_1_96' title='bbox 959 1618 995 1652; x_wconf 81' lang='grc' dir='ltr'><em>ἐν</em></span> <span class='ocrx_word' id='word_1_97' title='bbox 1019 1617 1133 1661; x_wconf 83' lang='grc' dir='ltr'><em>νήεσσι</em></span> <span class='ocrx_word' id='word_1_98' title='bbox 1156 1616 1330 1662; x_wconf 76' lang='grc' dir='ltr'><em>ποδάρκης</em></span> <span class='ocrx_word' id='word_1_99' title='bbox 1356 1619 1428 1657; x_wconf 79' lang='grc' dir='ltr'><em>δῖος</em></span> <span class='ocrx_word' id='word_1_100' title='bbox 1452 1615 1613 1661; x_wconf 73' lang='grc' dir='ltr'>Ἀχιλλεὺς</span> 
     </span>
     <span class='ocr_line' id='line_1_21' title="bbox 756 1669 1480 1716; baseline 0.001 -11"><span class='ocrx_word' id='word_1_101' title='bbox 756 1670 881 1716; x_wconf 68' lang='grc' dir='ltr'><em>κοίρης</em></span> <span class='ocrx_word' id='word_1_102' title='bbox 904 1671 1075 1715; x_wconf 81' lang='grc' dir='ltr'>χωόμενος</span> <span class='ocrx_word' id='word_1_103' title='bbox 1102 1673 1283 1716; x_wconf 78' lang='grc' dir='ltr'><em>Βρισηΐδος</em></span> <span class='ocrx_word' id='word_1_104' title='bbox 1307 1669 1480 1715; x_wconf 78' lang='grc' dir='ltr'><em>ἠυκόμοιο.</em></span> 
     </span>
     <span class='ocr_line' id='line_1_22' title="bbox 663 1725 1772 1769; baseline 0.001 -11"><span class='ocrx_word' id='word_1_105' title='bbox 663 1725 732 1758; x_wconf 85' lang='lat' dir='ltr'>lam</span> <span class='ocrx_word' id='word_1_106' title='bbox 750 1725 804 1758; x_wconf 93' lang='lat' dir='ltr'>hic</span> <span class='ocrx_word' id='word_1_107' title='bbox 820 1725 1010 1759; x_wconf 87' lang='lat' dir='ltr'>monuerim</span> <span class='ocrx_word' id='word_1_108' title='bbox 1028 1728 1183 1760; x_wconf 86' lang='lat' dir='ltr'>consulto</span> <span class='ocrx_word' id='word_1_109' title='bbox 1202 1725 1439 1769; x_wconf 87' lang='lat' dir='ltr'>Bacchylidem</span> <span class='ocrx_word' id='word_1_110' title='bbox 1462 1725 1632 1768; x_wconf 87' lang='lat' dir='ltr'>epitheton</span> <span class='ocrx_word' id='word_1_111' title='bbox 1652 1725 1772 1759; x_wconf 89' lang='lat' dir='ltr'>Brisei-</span> 
     </span>
     <span class='ocr_line' id='line_1_23' title="bbox 597 1778 1772 1824; baseline 0.002 -12"><span class='ocrx_word' id='word_1_112' title='bbox 597 1778 648 1812; x_wconf 92' lang='lat' dir='ltr'>dis</span> <span class='ocrx_word' id='word_1_113' title='bbox 679 1778 898 1813; x_wconf 82' lang='lat' dir='ltr'>Homericum</span> <span class='ocrx_word' id='word_1_114' title='bbox 931 1781 1092 1818; x_wconf 82' lang='lat' dir='ltr'>mutasse,</span> <span class='ocrx_word' id='word_1_115' title='bbox 1116 1789 1324 1823; x_wconf 87' lang='lat' dir='ltr'>quamquam</span> <span class='ocrx_word' id='word_1_116' title='bbox 1350 1780 1392 1813; x_wconf 93' lang='lat' dir='ltr'>ad</span> <span class='ocrx_word' id='word_1_117' title='bbox 1419 1781 1563 1813; x_wconf 87' lang='lat' dir='ltr'>metrum</span> <span class='ocrx_word' id='word_1_118' title='bbox 1589 1788 1690 1813; x_wconf 92' lang='lat' dir='ltr'>suum</span> <span class='ocrx_word' id='word_1_119' title='bbox 1716 1778 1772 1824; x_wconf 82' lang='grc' dir='ltr'>ἠυ-</span> 
     </span>
     <span class='ocr_line' id='line_1_24' title="bbox 595 1832 1772 1878; baseline 0.002 -12"><span class='ocrx_word' id='word_1_120' title='bbox 595 1832 714 1876; x_wconf 84' lang='grc' dir='ltr'><em>κόμοιο</em></span> <span class='ocrx_word' id='word_1_121' title='bbox 751 1841 820 1866; x_wconf 91' lang='lat' dir='ltr'>non</span> <span class='ocrx_word' id='word_1_122' title='bbox 853 1833 967 1867; x_wconf 87' lang='lat' dir='ltr'>minus</span> <span class='ocrx_word' id='word_1_123' title='bbox 1004 1835 1205 1877; x_wconf 88' lang='lat' dir='ltr'>quadrasset</span> <span class='ocrx_word' id='word_1_124' title='bbox 1243 1843 1346 1878; x_wconf 89' lang='lat' dir='ltr'>quam</span> <span class='ocrx_word' id='word_1_125' title='bbox 1387 1834 1596 1878; x_wconf 53' lang='lat' dir='ltr'>{pepo-sutem</span> <span class='ocrx_word' id='word_1_126' title='bbox 1644 1833 1772 1878; x_wconf 88' lang='lat' dir='ltr'>reliqua</span> 
     </span>
     <span class='ocr_line' id='line_1_25' title="bbox 594 1887 1772 1932; baseline 0.003 -12"><span class='ocrx_word' id='word_1_127' title='bbox 594 1896 728 1930; x_wconf 87' lang='lat' dir='ltr'>quoque</span> <span class='ocrx_word' id='word_1_128' title='bbox 760 1887 864 1921; x_wconf 89' lang='lat' dir='ltr'>verba</span> <span class='ocrx_word' id='word_1_129' title='bbox 907 1887 1088 1922; x_wconf 84' lang='lat' dir='ltr'>Homerica</span> <span class='ocrx_word' id='word_1_130' title='bbox 1127 1890 1281 1922; x_wconf 88' lang='lat' dir='ltr'>consulto</span> <span class='ocrx_word' id='word_1_131' title='bbox 1318 1888 1433 1922; x_wconf 90' lang='lat' dir='ltr'>vitavit</span> <span class='ocrx_word' id='word_1_132' title='bbox 1470 1887 1510 1922; x_wconf 87' lang='lat' dir='ltr'>cf.</span> <span class='ocrx_word' id='word_1_133' title='bbox 1548 1887 1703 1932; x_wconf 77' lang='grc' dir='ltr'>μίμνοντ’</span> <span class='ocrx_word' id='word_1_134' title='bbox 1735 1890 1772 1923; x_wconf 81' lang='grc' dir='ltr'><em>ἐν</em></span> 
     </span>
     <span class='ocr_line' id='line_1_26' title="bbox 593 1941 1769 1988; baseline 0.002 -13"><span class='ocrx_word' id='word_1_135' title='bbox 593 1943 761 1985; x_wconf 81' lang='grc' dir='ltr'><em>κλισίῃσιν</em></span> <span class='ocrx_word' id='word_1_136' title='bbox 784 1961 827 1966; x_wconf 89' lang='grc'><strong>-</strong></span> <span class='ocrx_word' id='word_1_137' title='bbox 850 1951 941 1977; x_wconf 84' lang='grc' dir='ltr'><em>κεῖτο</em></span> <span class='ocrx_word' id='word_1_138' title='bbox 966 1941 1028 1987; x_wconf 77' lang='grc' dir='ltr'>γὰρ</span> <span class='ocrx_word' id='word_1_139' title='bbox 1053 1944 1090 1977; x_wconf 82' lang='grc' dir='ltr'><em>ἐν</em></span> <span class='ocrx_word' id='word_1_140' title='bbox 1113 1942 1237 1987; x_wconf 78' lang='grc' dir='ltr'><em>νήεσσι,</em></span> <span class='ocrx_word' id='word_1_141' title='bbox 1263 1946 1391 1984; x_wconf 76' lang='grc' dir='ltr'><em>ξανθᾶς</em></span> <span class='ocrx_word' id='word_1_142' title='bbox 1407 1941 1566 1987; x_wconf 79' lang='grc' dir='ltr'><em>γυναικός</em></span> <span class='ocrx_word' id='word_1_143' title='bbox 1582 1942 1769 1988; x_wconf 79' lang='grc' dir='ltr'><em>-κούρης,</em></span> 
     </span>
     <span class='ocr_line' id='line_1_27' title="bbox 660 2002 1771 2050; baseline 0.001 -12"><span class='ocrx_word' id='word_1_144' title='bbox 660 2004 703 2038; x_wconf 82' lang='lat' dir='ltr'>At</span> <span class='ocrx_word' id='word_1_145' title='bbox 720 2002 839 2040; x_wconf 84' lang='lat' dir='ltr'>Graeci</span> <span class='ocrx_word' id='word_1_146' title='bbox 864 2004 898 2039; x_wconf 92' lang='lat' dir='ltr'>in</span> <span class='ocrx_word' id='word_1_147' title='bbox 922 2004 1041 2049; x_wconf 86' lang='lat' dir='ltr'>fugam</span> <span class='ocrx_word' id='word_1_148' title='bbox 1059 2006 1282 2049; x_wconf 85' lang='lat' dir='ltr'>repulsantur.</span> <span class='ocrx_word' id='word_1_149' title='bbox 1305 2014 1373 2039; x_wconf 91' lang='lat' dir='ltr'>non</span> <span class='ocrx_word' id='word_1_150' title='bbox 1399 2007 1510 2039; x_wconf 91' lang='lat' dir='ltr'>solum</span> <span class='ocrx_word' id='word_1_151' title='bbox 1527 2005 1607 2050; x_wconf 86' lang='lat' dir='ltr'>quia</span> <span class='ocrx_word' id='word_1_152' title='bbox 1623 2005 1771 2040; x_wconf 81' lang='lat' dir='ltr'>Achilles</span> 
     </span>
     <span class='ocr_line' id='line_1_28' title="bbox 593 2059 1770 2104; baseline 0.002 -12"><span class='ocrx_word' id='word_1_153' title='bbox 593 2068 612 2092; x_wconf 90' lang='lat' dir='ltr'>e</span> <span class='ocrx_word' id='word_1_154' title='bbox 637 2067 753 2103; x_wconf 86' lang='lat' dir='ltr'>pugna</span> <span class='ocrx_word' id='word_1_155' title='bbox 778 2059 924 2099; x_wconf 87' lang='lat' dir='ltr'>recessit,</span> <span class='ocrx_word' id='word_1_156' title='bbox 955 2060 1014 2094; x_wconf 90' lang='lat' dir='ltr'>sed</span> <span class='ocrx_word' id='word_1_157' title='bbox 1039 2059 1141 2094; x_wconf 86' lang='lat' dir='ltr'>etiam</span> <span class='ocrx_word' id='word_1_158' title='bbox 1166 2059 1245 2104; x_wconf 87' lang='lat' dir='ltr'>quia</span> <span class='ocrx_word' id='word_1_159' title='bbox 1270 2059 1323 2094; x_wconf 92' lang='lat' dir='ltr'>dei</span> <span class='ocrx_word' id='word_1_160' title='bbox 1348 2059 1515 2100; x_wconf 81' lang='lat' dir='ltr'>Troianos</span> <span class='ocrx_word' id='word_1_161' title='bbox 1543 2060 1586 2094; x_wconf 89' lang='lat' dir='ltr'>ad</span> <span class='ocrx_word' id='word_1_162' title='bbox 1612 2069 1770 2104; x_wconf 85' lang='lat' dir='ltr'>pugnan—</span> 
     </span>
     <span class='ocr_line' id='line_1_29' title="bbox 593 2113 1769 2158; baseline 0.001 -11"><span class='ocrx_word' id='word_1_163' title='bbox 593 2114 674 2147; x_wconf 90' lang='lat' dir='ltr'>dum</span> <span class='ocrx_word' id='word_1_164' title='bbox 715 2115 855 2148; x_wconf 88' lang='lat' dir='ltr'>monent</span> <span class='ocrx_word' id='word_1_165' title='bbox 899 2114 1150 2158; x_wconf 89' lang='lat' dir='ltr'>impelluntque.</span> <span class='ocrx_word' id='word_1_166' title='bbox 1227 2113 1315 2148; x_wconf 87' lang='lat' dir='ltr'>Nam</span> <span class='ocrx_word' id='word_1_167' title='bbox 1353 2123 1373 2148; x_wconf 94' lang='lat' dir='ltr'>a</span> <span class='ocrx_word' id='word_1_168' title='bbox 1409 2113 1612 2157; x_wconf 89' lang='lat' dir='ltr'>Bacchylide</span> <span class='ocrx_word' id='word_1_169' title='bbox 1647 2115 1769 2157; x_wconf 82' lang='lat' dir='ltr'>Apollo</span> 
     </span>
     <span class='ocr_line' id='line_1_30' title="bbox 593 2167 1770 2212; baseline 0 -10"><span class='ocrx_word' id='word_1_170' title='bbox 593 2170 693 2212; x_wconf 87' lang='lat' dir='ltr'>atque</span> <span class='ocrx_word' id='word_1_171' title='bbox 738 2169 824 2202; x_wconf 86' lang='lat' dir='ltr'>Ares</span> <span class='ocrx_word' id='word_1_172' title='bbox 869 2167 1025 2209; x_wconf 76' lang='lat' dir='ltr'>Troianis</span> <span class='ocrx_word' id='word_1_173' title='bbox 1079 2169 1231 2202; x_wconf 87' lang='lat' dir='ltr'>animum</span> <span class='ocrx_word' id='word_1_174' title='bbox 1284 2167 1465 2202; x_wconf 82' lang='lat' dir='ltr'>afferentes</span> <span class='ocrx_word' id='word_1_175' title='bbox 1512 2168 1770 2203; x_wconf 89' lang='lat' dir='ltr'>introducuntur</span> 
     </span>
    </p>
   </div>
   <div class='ocr_carea' id='block_1_5' title="bbox 591 2223 1393 2313">
    <p class='ocr_par' dir='ltr' id='par_1_5' title="bbox 591 2223 1393 2313">
     <span class='ocr_line' id='line_1_31' title="bbox 591 2223 1393 2313; baseline 0.001 -58"><span class='ocrx_word' id='word_1_176' title='bbox 591 2231 622 2255; x_wconf 93' lang='lat' dir='ltr'>v.</span> <span class='ocrx_word' id='word_1_177' title='bbox 653 2223 712 2256; x_wconf 88' lang='lat'>146</span> <span class='ocrx_word' id='word_1_178' title='bbox 737 2231 825 2266; x_wconf 88' lang='lat' dir='ltr'>sqq..</span> <span class='ocrx_word' id='word_1_179' title='bbox 1095 2266 1222 2313; x_wconf 60' lang='grc' dir='ltr'><em>ὤτρυνε</em></span> <span class='ocrx_word' id='word_1_180' title='bbox 1248 2267 1278 2302; x_wconf 69' lang='lat'>&lt;3⁴</span> <span class='ocrx_word' id='word_1_181' title='bbox 1298 2266 1393 2313; x_wconf 56' lang='grc' dir='ltr'>Ἄρης</span> 
     </span>
    </p>
   </div>
   <div class='ocr_carea' id='block_1_6' title="bbox 591 2320 1765 2528">
    <p class='ocr_par' dir='ltr' id='par_1_6' title="bbox 591 2320 1765 2528">
     <span class='ocr_line' id='line_1_32' title="bbox 987 2320 1354 2367; baseline 0 -10"><span class='ocrx_word' id='word_1_182' title='bbox 987 2320 1132 2367; x_wconf 74' lang='grc' dir='ltr'><em>εὐεγχής,</em></span> <span class='ocrx_word' id='word_1_183' title='bbox 1157 2325 1296 2357; x_wconf 78' lang='grc' dir='ltr'><em>Λυκίων</em></span> <span class='ocrx_word' id='word_1_184' title='bbox 1319 2336 1354 2357; x_wconf 85' lang='grc' dir='ltr'>τε</span> 
     </span>
     <span class='ocr_line' id='line_1_33' title="bbox 987 2375 1455 2420; baseline 0 -9"><span class='ocrx_word' id='word_1_185' title='bbox 987 2379 1111 2419; x_wconf 75' lang='grc' dir='ltr'><em>Λοξίας</em></span> <span class='ocrx_word' id='word_1_186' title='bbox 1135 2375 1220 2420; x_wconf 68' lang='grc' dir='ltr'><em>ἄναξ</em></span> <span class='ocrx_word' id='word_1_187' title='bbox 1241 2375 1421 2412; x_wconf 75' lang='grc' dir='ltr'>Ἀπόλλων.</span> <span class='ocrx_word' id='word_1_188' title='bbox 1449 2385 1455 2391; x_wconf 89' lang='grc'><em>·</em></span> 
     </span>
     <span class='ocr_line' id='line_1_34' title="bbox 658 2428 1765 2476; baseline 0.001 -12"><span class='ocrx_word' id='word_1_189' title='bbox 658 2428 726 2465; x_wconf 90' lang='lat' dir='ltr'>Sed</span> <span class='ocrx_word' id='word_1_190' title='bbox 752 2431 825 2464; x_wconf 93' lang='lat' dir='ltr'>loco</span> <span class='ocrx_word' id='word_1_191' title='bbox 844 2429 1034 2469; x_wconf 86' lang='lat' dir='ltr'>Homerico,</span> <span class='ocrx_word' id='word_1_192' title='bbox 1060 2439 1127 2474; x_wconf 91' lang='lat' dir='ltr'>quo</span> <span class='ocrx_word' id='word_1_193' title='bbox 1152 2431 1237 2465; x_wconf 90' lang='lat' dir='ltr'>haec</span> <span class='ocrx_word' id='word_1_194' title='bbox 1260 2440 1377 2476; x_wconf 86' lang='lat' dir='ltr'>pugna</span> <span class='ocrx_word' id='word_1_195' title='bbox 1402 2431 1608 2470; x_wconf 86' lang='lat' dir='ltr'>describitur,</span> <span class='ocrx_word' id='word_1_196' title='bbox 1634 2433 1765 2466; x_wconf 90' lang='lat' dir='ltr'>nullum</span> 
     </span>
     <span class='ocr_line' id='line_1_35' title="bbox 591 2484 1764 2528; baseline 0.002 -10"><span class='ocrx_word' id='word_1_197' title='bbox 591 2484 695 2518; x_wconf 90' lang='lat' dir='ltr'>alium</span> <span class='ocrx_word' id='word_1_198' title='bbox 725 2484 826 2518; x_wconf 92' lang='lat' dir='ltr'>deum</span> <span class='ocrx_word' id='word_1_199' title='bbox 856 2484 919 2519; x_wconf 90' lang='lat' dir='ltr'>nisi</span> <span class='ocrx_word' id='word_1_200' title='bbox 943 2485 1134 2528; x_wconf 85' lang='lat' dir='ltr'>Apollinem</span> <span class='ocrx_word' id='word_1_201' title='bbox 1158 2484 1326 2527; x_wconf 75' lang='lat' dir='ltr'>Troianos</span> <span class='ocrx_word' id='word_1_202' title='bbox 1357 2485 1575 2520; x_wconf 86' lang='lat' dir='ltr'>adiuvantem</span> <span class='ocrx_word' id='word_1_203' title='bbox 1602 2485 1764 2520; x_wconf 88' lang='lat' dir='ltr'>invenies.</span> 
     </span>
    </p>
   </div>
  </div>
 </body>
</html>
