2303 3141
381 640 390 1109 —.v.-—-·.—--.---.——
380 508 387 627 =-——-·-—-
380 375 384 496 ———
380 273 385 366 ——-⁴-

383 1616 385 1624 ν
377 1445 387 1559 ...κ-...μ
384 1434 385 1438 Α

319 2871 359 2962 ”“Ἶ

361 2871 373 2874 .

1166 530 1342 559 -17-

665 631 816 663 mutasse
841 637 950 671 neque
975 627 1121 661 auxisse.
1170 626 1244 659 Hoc
1268 624 1410 667 dignum
1437 624 1496 660 est,
1523 622 1612 665 quod
1632 629 1840 655 commemo-

664 685 754 718 retur
778 683 810 716 in
838 681 1048 725 Bacchylidis
1073 679 1223 714 carmine
1240 678 1405 712 Achillem
1431 679 1530 720 atque
1548 676 1703 709 Aiantem
1729 683 1841 719 genus

663 747 764 772 suum
791 738 913 771 ducere
937 746 978 770 ex
996 735 1138 779 Aegina,
1164 743 1251 777 quae
1277 733 1387 767 insula
1404 731 1464 766 fuit
1481 731 1587 774 patria
1604 729 1738 764 victoris
1755 731 1840 763 cele-

663 791 793 831 brandi,
819 801 896 825 curn
922 791 955 824 in
981 788 1120 824 Homeri
1145 787 1353 822 carminibus
1378 786 1410 820 hi
1442 785 1502 819 viri
1536 786 1628 818 nullo
1660 782 1840 827 sanguinis

662 846 797 880 vinculo
830 844 997 886 conjuncti
1029 843 1105 877 sint.
1161 842 1249 876 Nam
1285 841 1434 878 Peleum.
1465 839 1605 874 Achillis
1637 841 1776 882 patrem,
1809 840 1841 871 et

662 900 896 937 Telamonem,
921 901 1048 942 patrem
1074 897 1205 931 Aiantis
1230 896 1349 930 fratres
1377 904 1454 929 esse
1479 894 1650 928 Homerus
1682 902 1750 926 non
1775 894 1839 926 tes-

663 956 760 988 tatur.
810 953 956 987 Demum
975 951 1217 995 posterioribus
1233 949 1444 993 temporibus
1465 947 1613 982 Achilles
1637 949 1669 981 et
1686 946 1768 980 Aias
1792 945 1839 979 ai-

662 1008 790 1042 iinitate
815 1007 983 1048 conjuncti
1009 1006 1230 1040 habebantur.

729 1061 830 1105 Quod
856 1062 899 1095 ad
929 1061 1056 1104 reliqua
1086 1059 1238 1094 carmina
1270 1059 1394 1096 attinet,
1427 1067 1564 1091 carmen
1589 1056 1663 1090 XIV
1695 1055 1838 1099 dignum

662 1125 738 1150 esse
769 1116 910 1153 videtur.
943 1115 1032 1158 quod
1065 1113 1209 1148 breviter
1239 1115 1405 1147 tractetur.
1466 1111 1571 1145 Poeta
1602 1110 1692 1144 enim
1725 1111 1839 1143 narrat

663 1170 794 1204 Ulixem
827 1171 859 1203 et
887 1169 1093 1205 Menelaum.
1126 1169 1307 1210 antequam
1338 1166 1460 1206 Troiae
1492 1165 1617 1199 bellum
1651 1163 1838 1201 inferretur,

661 1224 798 1264 Troiam
829 1223 862 1256 in
888 1223 1005 1256 urbem
1032 1222 1175 1259 venisse,
1209 1224 1243 1254 ut
1269 1220 1435 1254 Helenam
1469 1220 1692 1262 reposcerent.
1741 1217 1839 1260 Quos

664 1277 808 1320 hospitio
833 1277 997 1319 acceptos,
1024 1277 1203 1318 postquam
1221 1274 1412 1308 Minervam
1439 1274 1538 1307 deam
1565 1272 1687 1315 precati
1713 1274 1837 1309 essent,

663 1332 705 1365 ab
737 1332 909 1364 Antenore
940 1330 973 1363 in
1005 1329 1230 1370 Troianorum
1263 1327 1455 1361 contionem
1489 1328 1608 1360 ductos
1639 1335 1726 1360 esse.
1775 1325 1838 1360 Ubi

662 1386 828 1420 Helenam
854 1385 977 1418 frustra
1002 1383 1175 1427 repetitam
1201 1392 1286 1416 esse.
1336 1381 1482 1416 Carmen
1512 1381 1664 1415 oratione
1689 1379 1837 1414 Menelai

661 1440 836 1477 clauditur.
861 1441 913 1472 vel
940 1438 1050 1482 potius
1070 1438 1103 1471 in
1122 1446 1248 1480 papyro
1267 1436 1486 1479 abrumpitur.
1536 1435 1688 1478 Preuss²)
1714 1435 1838 1469 iudicat

662 1494 898 1537 Bacchylidem
925 1493 957 1526 in
983 1502 1023 1526 ea
1047 1491 1162 1526 fabula
1187 1491 1357 1525 narranda
1382 1499 1449 1524 non
1469 1490 1657 1524 Homerum
1683 1491 1837 1523 secutum

661 1558 747 1588 esse,
773 1548 828 1592 qui
854 1549 942 1582 hanc
967 1547 1115 1581 fabulam
1141 1547 1271 1580 tantum
1299 1545 1414 1579 leviter
1429 1546 1593 1588 tangeret.
1643 1544 1751 1588 Atque
1771 1552 1838 1587 ego

660 1603 796 1647 quidem
830 1612 898 1637 non
931 1602 1066 1646 negabo
1099 1601 1131 1635 in
1166 1600 1298 1645 Cypriis
1332 1601 1420 1634 hanc
1449 1599 1600 1634 fabulam
1635 1598 1746 1633 verbis
1780 1608 1836 1632 ex-

660 1657 786 1701 pressis
803 1666 880 1691 esse
897 1659 1077 1690 narratam.
1125 1654 1193 1690 Sed
1212 1656 1276 1689 hoc
1293 1663 1430 1688 carmen
1449 1663 1517 1688 non
1535 1655 1697 1687 servatur.
1724 1653 1838 1696 ltaque

660 1712 748 1745 hanc
772 1720 843 1745 rem
869 1712 957 1745 certe
982 1709 1165 1744 diiudicare
1191 1718 1258 1743 non
1285 1717 1479 1752 possumus.
1528 1707 1614 1741 Dicit
1636 1715 1721 1741 sane
1738 1706 1837 1740 Proc-

660 1768 711 1799 lus
737 1765 856 1799 chrest.
883 1765 892 1798 1
918 1763 1116 1808 Cypriorum
1148 1765 1388 1807 argumentum
1419 1761 1568 1796 referens
1599 1763 1655 1795 καὶ
1685 1763 1838 1805 διαπρεσ-

659 1819 816 1862 βεύωνται
839 1818 926 1863 πρὸς
954 1817 1034 1858 τοὺς
1062 1822 1176 1862 Τρῶας
1204 1817 1267 1862 τὴν
1288 1816 1420 1861 Ἑλένην
1447 1819 1502 1850 καὶ
1527 1815 1569 1850 τὰ
1597 1815 1748 1860 κτήματα
1778 1813 1838 1849 ἀπ*

658 1877 846 1917 αιτοῦυτες,
872 1873 932 1907 sed
959 1872 1064 1906 Procli
1090 1871 1291 1906 testimoniis
1316 1870 1469 1905 diffidere
1494 1879 1558 1904 nos
1583 1869 1695 1904 docuit
1719 1869 1836 1903 Ericus

660 1927 764 1962 Bethe
789 1927 904 1961 Herm.
932 1930 982 1965 26,
1009 1929 1072 1961 593
1090 1935 1171 1970 sqq.,
1197 1925 1237 1960 ci.
1264 1925 1346 1968 Epir.
1373 1925 1481 1967 Apoll.
1500 1923 1653 1962 XV11‚14.
1695 1922 1837 1957 Minime

659 1984 771 2017 autem
798 1982 851 2016 hic
876 1983 1012 2025 mytbus
1037 1981 1078 2015 ab
1105 1981 1254 2015 Homero
1279 1981 1409 2014 tantum
1429 1979 1544 2013 leviter
1560 1977 1719 2022 tangitur.
1744 1977 1835 2020 quod

660 2037 784 2071 Preuss
808 2036 975 2070 concludit
1001 2045 1042 2070 ex
1068 2036 1099 2069 ll.
1117 2039 1145 2070 A
1176 2038 1235 2070 139
1261 2044 1309 2078 sq.
1335 2036 1366 2068 et
1391 2043 1432 2067 ex
1459 2033 1490 2067 ll.
1517 2033 1546 2066 H
1573 2036 1636 2066 347
1655 2041 1726 2075 sqq.
1759 2031 1834 2065 Non

658 2092 748 2126 enim
775 2091 807 2125 hi
833 2091 895 2125 loci
921 2090 1093 2134 spectandi
1119 2092 1207 2128 sunt,
1233 2090 1293 2123 sed
1319 2098 1396 2122 mea
1420 2087 1587 2122 sententia
1606 2086 1745 2120 maximi
1764 2095 1835 2119 mo-

659 2145 762 2180 menti
788 2147 838 2180 est
862 2145 894 2179 ll.
920 2149 951 2179 Γ
965 2147 1097 2179 205-24.
1145 2143 1223 2187 Quo
1241 2145 1314 2178 loco
1333 2143 1504 2177 Homerus
1522 2141 1689 2176 Helenam
1707 2140 1834 2174 Troum

657 2199 796 2235 senibus
829 2198 1037 2235 Graecorum
1071 2199 1175 2233 duces
1207 2197 1440 2232 nominantem
1474 2200 1552 2230 ante
1582 2197 1700 2230 oculos
1732 2194 1835 2238 ponit.

657 2255 766 2298 Atque
790 2263 866 2288 curn
893 2253 1007 2288 Ulixes
1031 2252 1074 2287 ab
1099 2253 1229 2287 Helena
1253 2254 1400 2289 vocetur,
1433 2253 1586 2285 Antenor
1616 2259 1721 2284 senex
1753 2248 1836 2283 satis

657 2308 771 2343 multis
795 2307 907 2342 verbis
932 2309 1054 2345 narrat,
1080 2308 1185 2341 semel
1216 2306 1282 2340 iam
1309 2305 1441 2340 Ulixem
1467 2305 1743 2348 Menelaumque,
1775 2312 1835 2336 an-

656 2364 792 2406 tequam
817 2362 942 2396 bellum
969 2361 1143 2404 coepisset,
1170 2360 1202 2395 in
1227 2360 1354 2394 Troum
1380 2359 1538 2394 contione
1562 2358 1677 2396 fuisse,
1707 2358 1743 2392 ut
1767 2356 1834 2391 He-

657 2420 768 2452 lenam
794 2418 1017 2460 reposcerent.
1066 2415 1151 2450 Vide
1175 2415 1265 2449 enim
1291 2424 1321 2449 v.
1348 2417 1411 2448 205
1429 2423 1494 2457 sq.:

659 2473 920 2516 Wulis
940 2479 1012 2514 apud
1033 2478 1228 2514 Bacchylidem
1248 2486 1273 2513 p.
1294 2478 1336 2505 ³6.
