2303 3141
133 2720 149 2917 ‚1‹xnu,w:aez-xz-.

1018 566 1194 598 „16—

517 663 605 698 Nam
631 664 762 708 Apollo,
788 665 823 698 ut
848 664 1027 699 Hectorem
1053 664 1095 698 ad
1121 663 1247 698 bellum
1273 663 1394 702 incitet,
1422 664 1463 698 ab
1483 664 1569 698 Jove
1593 663 1692 698 mitti-

515 719 568 752 tur
592 718 631 753 cf.
658 718 693 765 O¹
715 721 772 754 231
802 728 892 763 sqq.:

623 775 676 808 σοὶ
701 771 731 807 δ’
755 771 849 818 αὐτῷ
871 775 1008 818 μελέτω,
1033 772 1226 818 ἑκατηβόλε,
1252 775 1411 817 φαίδιμος
1429 771 1565 817 Ἕκτωρ’

621 827 732 872 τόφρα
757 827 819 872 γὰρ
844 824 906 863 οὖν
930 829 962 863 οἱ
987 829 1089 872 ἔγειρε
1111 830 1211 872 μένος
1233 830 1326 872 μέγα,
1355 826 1436 872 ὄφρ’
1460 827 1503 862 c'z'z·
1525 826 1648 872 Ἀχαιοί

623 882 803 927 φεύγοντες
827 882 910 928 νῆάς
933 897 968 918 τε
991 885 1048 917 καὶ
1069 881 1314 927 Ἑλλήσποντον
1338 883 1518 925 ἵκωνται-,1)

581 947 690 991 Atque
713 956 794 981 vero
816 947 1006 990 Apollinem
1032 947 1134 981 deum
1153 946 1287 981 Hectori
1314 947 1452 980 certanti
1477 946 1566 980 viam
1592 956 1689 990 para-

514 1001 604 1036 visse
629 1003 732 1036 testes
755 1002 835 1036 sunt
859 1001 998 1036 Homeri
1022 1010 1052 1036 ν.
1079 1000 1110 1037 O
1135 1003 1199 1036 306
1225 1010 1313 1045 sqq.:

624 1059 733 1100 Τρῶες
757 1058 793 1091 δὲ
815 1055 1018 1100 προύτυψαν
1042 1054 1185 1099 ἀολλέες,
1212 1051 1289 1100 ἦρχε
1315 1054 1400 1099 δ’ἅρ’
1418 1052 1549 1099 Ἕκτωρ

616 1109 727 1155 μακρὰ
751 1110 858 1152 βιβάς·
883 1110 1033 1155 πρόςθευ
1057 1112 1091 1145 δὲ
1116 1109 1161 1144 κί’
1185 1109 1291 1145 affro&
1317 1113 1442 1151 Φοῖβος
1468 1109 1647 1144 Ἀπόλλων

618 1166 746 1209 εἱμένος
771 1163 892 1209 ὤμοιιν
916 1167 1070 1210 νεφέλην,
1095 1173 1123 1198 e.
1135 1174 1165 1208 q.
1178 1173 1205 1198 S.

578 1228 627 1263 Ex
652 1228 704 1263 his
728 1228 822 1273 sequi
848 1228 988 1267 videtur,
1014 1229 1049 1262 ut
1073 1227 1304 1272 Bacchylides,
1329 1227 1385 1272 qui
1411 1228 1543 1270 praeter
1562 1226 1687 1270 Apolli-

511 1293 589 1318 nem
621 1283 723 1317 Arem
755 1292 889 1327 quoque
921 1283 1088 1323 Troianos
1120 1282 1337 1316 adiuvantem
1375 1281 1508 1325 profert,
1546 1281 1686 1316 Homeri

511 1337 738 1372 narratIOnem
777 1337 915 1371 auxerit.
975 1337 1042 1372 Sed
1080 1337 1157 1371 huic
1193 1337 1238 1371 rei
1276 1336 1336 1379 ipsi
1369 1337 1487 1370 iterum
1514 1336 1685 1370 Homerus

508 1393 702 1435 exemplum
728 1393 787 1426 est.
841 1391 929 1425 Nam
960 1391 992 1425 in
1023 1391 1123 1425 Hom.
1155 1390 1181 1425 E
1211 1391 1314 1425 Arem
1339 1390 1564 1431 Troianorum
1591 1390 1684 1424 adiu-

508 1447 615 1481 torem
641 1446 843 1480 invenimus.
896 1445 958 1480 Ubi
984 1447 1104 1489 Apollo
1131 1446 1217 1480 Jove
1247 1446 1407 1480 monente
1437 1445 1478 1479 ab
1503 1446 1570 1479 Are
1594 1445 1684 1488 petit.

508 1502 544 1536 ut
569 1501 780 1540 Diomedem,
809 1501 865 1545 qui
891 1501 924 1535 in
950 1501 1097 1535 hostium
1123 1501 1238 1544 copias
1254 1499 1436 1534 fortissime
1461 1500 1608 1538 incurrit,
1634 1509 1683 1533 re-

508 1557 618 1599 pellat.
667 1555 752 1589 Vide
777 1555 877 1589 Hom.
903 1555 929 1589 E
954 1559 1016 1589 455
1043 1564 1130 1599 sqq.:

633 1606 722 1655 Ἆρες
737 1609 828 1654 Ἄρες
851 1612 1058 1654 βροτολοιγέ,
1081 1609 1250 1654 μιαιφόνε,
1279 1612 1522 1653 τειχεσιπλῆτα,

614 1663 676 1700 οὔκ
700 1663 743 1699 ἂν
767 1663 807 1709 δὴ
833 1664 924 1699 τόνδ’
949 1663 1055 1708 ἄνδρα
1079 1663 1185 1708 μάχης
1209 1663 1344 1707 ἐρύσαιο
1368 1662 1554 1707 μετελθών,

617 1721 787 1763 Τυδεΐδην,
813 1716 849 1758 ὃς
873 1722 936 1753 νῦν
959 1732 993 1762 γε
1018 1721 1073 1752 καὶ
1099 1717 1140 1752 ἂν
1164 1721 1217 1752 Διὶ
1241 1720 1343 1761 πατρὶ
1370 1716 1521 1761 μάχοιτο.

573 1782 682 1826 Atque
706 1782 791 1815 Ares
812 1781 923 1815 statim
945 1780 1101 1821 Troianis
1125 1780 1296 1823 oppressis
1313 1779 1477 1814 auxilium
1495 1779 1567 1818 fert,
1592 1779 1682 1822 quod

505 1835 662 1870 videmus
686 1845 728 1869 ex
753 1835 779 1869 Ε
804 1838 886 1870 592;

607 1919 612 1925 .
641 1919 646 1924 .
673 1886 749 1934 ἦρχε
776 1889 804 1924 δ’
835 1888 899 1934 ἄρα
929 1901 1011 1932 σφιν
1035 1887 1141 1933 ’Ἄρης
1169 1892 1225 1923 καὶ
1253 1887 1366 1924 πότνι’
1395 1887 1498 1922 'Em-05
1528 1889 1560 1921 et
1588 1896 1682 1930 prae·-

505 1944 602 1987 cipue
627 1953 669 1978 ex
693 1953 724 1976 v.
750 1947 814 1979 594
839 1952 927 1988 sqq.:

608 1997 714 2043 ’Ἄρης
739 1997 768 2032 δ’
793 1999 830 2033 ἐν
852 1996 1022 2041 παλάμῃσι
1046 1997 1216 2042 πελώριον
1233 1998 1327 2041 ἔγχος
1343 1996 1466 2040 ἐνώμα,

612 2056 714 2096 φοίτα
740 2052 768 2087 δ’
794 2051 914 2087 ἄλλοτε
937 2054 998 2096 μὲν
1020 2050 1147 2095 πρόσθ’
1166 2048 1344 2095 (Έκτορος,
1370 2049 1485 2086 ἄλλοτ’
1510 2049 1664 2085 ὄπισθεν.

504 2116 634 2152 Deinde
658 2116 831 2161 quomodo
855 2115 945 2158 apud
971 2124 1076 2150 naves
1104 2116 1284 2160 pugnetur,
1317 2114 1538 2158 Bacchylides
1563 2114 1680 2158 paucis

502 2171 657 2206 versibus
689 2170 854 2209 describit,
887 2170 928 2204 de
959 2179 1026 2214 qua
1058 2179 1175 2214 pugna
1202 2169 1372 2204 Homerus
1397 2171 1465 2203 toto
1491 2169 1574 2203 libro
1599 2168 1678 2203 XIII.

503 2225 582 2270 agit.
629 2224 697 2261 Sed
732 2224 813 2259 nihil
850 2223 990 2258 inveniri
1026 2225 1144 2267 potest.
1179 2223 1212 2257 in
1247 2232 1313 2267 quo
1348 2226 1447 2266 poeta
1483 2223 1606 2266 lyricus
1639 2223 1680 2257 ab

503 2279 654 2314 Homero
680 2279 863 2314 dissentiat.

569 2342 735 2376 Videmus
772 2342 872 2386 igitur
909 2340 1145 2384 Bacchylidem
1177 2340 1209 2374 in
1238 2342 1307 2375 tota
1346 2339 1462 2374 fabula
1498 2341 1678 2378 narranda,

501 2396 633 2431 etiamsi
659 2406 727 2431 non
753 2397 909 2431 servilem
937 2395 968 2429 in
995 2395 1135 2429 modum
1162 2394 1195 2429 in
1220 2393 1331 2429 verbis
1361 2394 1500 2429 Homeri
1532 2395 1679 2432 haereat.

501 2452 615 2485 tamen
641 2451 674 2485 in
700 2451 896 2485 universum
915 2449 1103 2484 Homerum
1127 2451 1280 2483 secutum
1299 2458 1374 2483 esse
1400 2458 1510 2492 neque
1528 2449 1678 2483 fabulam

576 2523 596 2558 ¹)
617 2523 650 2552 ct.
671 2524 751 2551 etiam
773 2523 797 2551 O
818 2525 852 2552 59
872 2530 912 2558 sq.
933 2524 960 2550 et
979 2521 1004 2551 Ο
1025 2524 1076 2549 258
1096 2529 1154 2558 sqq.
