2303 3141
1115 532 1293 564 -3-

617 626 716 660 antea
754 625 925 663 Homerus
957 627 1028 670 ipse
1068 628 1202 663 uberior
1238 632 1336 665 esset.
1397 630 1706 668 Commemorabile
1742 636 1793 669 est

616 679 853 724 Bacchylidem
880 682 945 716 hoc
968 683 1042 716 loco
1063 683 1105 716 ad
1123 692 1249 727 greges
1267 684 1512 728 significandas
1530 696 1612 721 voce
1628 692 1716 733 μῆλα
1735 689 1791 727 uti.

614 743 702 777 quae
725 743 791 768 vox
817 734 998 770 HomerIco
1030 737 1103 770 loco
1137 737 1307 781 significat
1330 739 1433 783 Apsel
1455 743 1512 774 aut
1542 741 1664 776 melius
1692 742 1791 781 obst.

613 787 768 822 Frliclzte.
809 788 900 823 Sane
926 789 958 823 in
977 791 1041 824 hoc
1059 791 1161 825 verbo
1187 793 1327 835 utraque
1352 793 1402 827 vis
1427 794 1540 828 inesse
1564 797 1682 838 potest.
1720 796 1789 832 Sed

612 842 726 876 tamen
752 842 784 876 id
810 852 829 876 a
855 843 1056 887 Bacchylide
1074 854 1142 879 non
1168 845 1304 881 fortuito
1322 851 1520 890 usurpatum
1547 859 1632 888 esse.
1662 851 1721 885 sed
1748 861 1788 886 ex

612 895 712 930 Iliade
736 896 877 931 fluxisse
895 899 982 932 recte
999 898 1066 932 iam
1088 899 1375 940 Wilamowitzius,
1402 902 1452 936 vir
1469 903 1696 943 doctissimus,
1715 915 1788 940 sus-

611 949 740 992 picatus
765 953 853 994 est,¹)
907 951 1031 986 Mirum
1064 962 1148 988 sane
1183 956 1242 992 est.
1275 957 1365 998 quod
1393 956 1612 1000 Bacchylides
1649 959 1788 993 Homeri

609 1004 711 1038 verba
735 1004 822 1040 falso
847 1005 1082 1049 interpretatus
1100 1009 1159 1046 est,
1185 1010 1245 1042 sed
1272 1019 1340 1043 non
1359 1010 1467 1048 video.
1491 1013 1664 1055 quomodo
1690 1018 1787 1056 poeta

609 1059 650 1093 ab
683 1059 747 1093 hoc
777 1060 919 1094 levitatis
944 1061 1084 1096 crimine
1111 1062 1242 1097 liberari
1268 1064 1390 1106 possit;
1428 1066 1536 1100 haesit
1567 1066 1598 1100 in
1630 1076 1692 1101 sua
1717 1078 1786 1102 me-

608 1113 715 1147 moria
739 1123 805 1148 vox
829 1114 957 1159 μήλωυ,
990 1117 1050 1150 sed
1076 1118 1269 1152 contextum
1296 1128 1363 1152 non
1390 1120 1527 1154 curavit.
1577 1121 1650 1155 Hoc
1674 1131 1786 1156 errore

608 1167 794 1201 certissime
820 1177 896 1202 mea
921 1169 1057 1212 quidem
1086 1171 1253 1205 sententia
1279 1173 1530 1208 demonstratur
1547 1175 1783 1220 Bacchylidem

606 1221 690 1254 haec
714 1230 782 1256 non
809 1231 850 1256 ex
876 1223 941 1257 alio
966 1224 1126 1263 carmine,
1159 1226 1248 1269 quod
1274 1227 1418 1261 eandem
1445 1228 1595 1263 tabulam
1622 1234 1782 1269 narraret,

607 1276 666 1309 sed
692 1284 734 1310 ex
760 1275 832 1319 ipso
858 1276 1008 1312 Homero
1034 1279 1199 1314 hausisse.

672 1329 771 1364 Nunc
785 1331 826 1364 de
840 1331 909 1374 apri
923 1332 1114 1367 venatione.
1152 1334 1323 1370 Homerus
1337 1336 1427 1370 enirn
1442 1338 1550 1381 pergit
1563 1348 1592 1372 ν.
1609 1343 1672 1374 543
1692 1349 1780 1384 sqq:

763 1384 824 1420 τὸν
845 1384 876 1420 (5’
894 1385 966 1427 υἱὸς
990 1389 1113 1432 Οἰνῆος
1134 1387 1328 1425 ἀπέκτεινεν
1348 1395 1550 1437 ΛἸῙελέαγρος,

762 1442 918 1474 πολλέων
939 1443 976 1475 ἐκ
997 1445 1130 1477 πολίων
1155 1443 1347 1489 θηρήτορας
1380 1444 1504 1491 ἄνδρας
1526 1446 1659 1492 ἀγείρας

762 1496 819 1528 καὶ
842 1494 960 1535 κύνας
993 1495 1035 1531 οὗ
1057 1499 1118 1541 μὲν
1142 1497 1203 1542 γάρ
1227 1499 1257 1533 κ’
1283 1499 1387 1545 ἐδάμη
1411 1501 1570 1546 παύροισι
1595 1506 1778 1547 βροτοῖσιν.

760 1548 882 1589 τόσσος
906 1550 974 1595 ἔην,
998 1551 1147 1592 πολλοὺς
1172 1555 1207 1587 δὲ
1230 1557 1339 1599 πυρῆς
1363 1555 1498 1600 ἐπέβησ’
1523 1555 1701 1603 ἀλεγεινῆς.

668 1600 716 1635 Ex
765 1602 817 1637 his
856 1604 1011 1639 versibus
1057 1606 1216 1650 sequitur.
1263 1610 1297 1642 ut
1337 1609 1514 1654 Meleager
1560 1611 1642 1654 ipse.
1689 1615 1778 1656 post-

599 1664 700 1698 quam
727 1657 822 1691 multi
847 1667 889 1692 ex
914 1659 1131 1694 venatoribus
1156 1662 1302 1697 collectis
1338 1663 1499 1698 interfecti
1525 1668 1612 1704 sunt.
1641 1667 1775 1702 beluam

599 1709 765 1744 occiderit.
815 1711 1035 1756 Bacchylides
1067 1715 1108 1748 de
1141 1716 1203 1749 hac
1229 1726 1264 1750 re
1289 1717 1467 1752 dissentire
1492 1720 1631 1754 videtur.
1686 1721 1774 1756 Nam

598 1764 691 1797 nullo
719 1766 791 1799 loco
818 1765 894 1800 dicit
931 1776 1049 1810 aprum
1077 1778 1095 1802 a
1120 1769 1296 1815 Meleagro
1322 1781 1460 1806 caesum
1492 1783 1578 1812 esse.
1611 1776 1670 1810 sed
1703 1778 1776 1810 tan-

596 1818 667 1850 tum
703 1822 949 1854 commemorat
978 1821 1112 1856 beluam
1151 1827 1225 1866 post
1258 1834 1318 1859 sex
1353 1826 1425 1861 dies
1451 1827 1658 1863 interfectam
1685 1840 1771 1866 esse.

595 1871 705 1914 Atque
737 1882 835 1914 porro
868 1883 909 1907 ex
941 1885 1131 1920 permagno
1160 1881 1360 1914 venatorum
1394 1891 1536 1916 numero
1569 1893 1670 1918 nemo
1710 1885 1773 1919 nisi

595 1925 662 1958 duo
694 1925 754 1960 viri
784 1927 884 1962 occisi
914 1931 1019 1968 erant,
1054 1940 1140 1974 quos
1167 1932 1386 1976 Bacchylides
1418 1936 1570 1970 nominat
1596 1938 1770 1973 Ancaeum

593 1979 625 2012 et
649 1979 828 2022 Agelaum.
878 1981 927 2016 Cf.
953 1993 982 2017 v.
1014 1988 1068 2018 lll
1098 1995 1189 2029 sqq:

806 2040 856 2081 τῷ
881 2039 915 2072 δὲ
941 2039 1103 2083 στυγερὰν
1127 2043 1225 2085 δῆριν
1246 2041 1412 2078 Ἑλλάνων
1437 2043 1566 2088 ἄριστοι

914 2092 1097 2137 στασάμεθ’
1122 2096 1287 2135 ἐνδυκέως

805 2145 840 2187 ἓξ
864 2144 973 2189 ἄματα
999 2150 1171 2192 συνεχέως·
1197 2151 1267 2185 ἐπεὶ
1293 2153 1328 2186 δὲ
1353 2154 1484 2196 δαίμων

883 2230 889 2236 .
911 2200 1035 2245 κάρτος
1051 2204 1219 2244 Αἰτωλοῖς
1234 2203 1360 2250 ὄρεξεν,

910 2254 1086 2299 θάπτομεν
1110 2255 1169 2297 οὓς
1193 2261 1331 2294 κατέπε-

910 2322 994 2350 φνεν
1019 2313 1077 2349 σῦς
1101 2312 1278 2356 ἐριβρύχας
1301 2314 1472 2349 ἐπαΐσσων
1495 2319 1562 2362 βίᾳ,

800 2359 952 2405 Ἀγκαῖον
975 2364 1065 2407 ἐμῶν
1088 2364 1117 2398 τ’
1143 2363 1293 2410 Ἀγέλαον

910 2417 1116 2460 φ[ε’ρτ]ατον
1139 2422 1271 2455 κεδνῶν
1294 2420 1479 2466 ἀδελφεῶν.

660 2475 680 2510 ¹)
700 2484 725 2503 ν.
746 2476 837 2505 Goett.
858 2479 910 2513 gel.
931 2479 998 2507 Anz.
1023 2483 1097 2511 1898.
1120 2485 1176 2509 157.
