2226 3133
1003 609 1175 639 -33-

502 714 602 749 quem
628 714 764 748 semper
779 705 953 739 sententiis
971 706 1115 738 densum
1134 714 1210 739 esse
1227 706 1367 738 constat.
1416 703 1494 747 Qua
1516 704 1558 738 de
1575 713 1678 737 causa

502 759 624 792 mirum
651 769 718 793 non
745 761 804 797 est.
831 761 920 803 quod
947 759 978 792 in
1006 759 1140 792 Pindari
1165 759 1373 792 carminibus
1399 758 1568 802 imagines
1597 758 1677 791 dila-

500 814 588 846 tatas
613 823 680 846 non
707 813 931 846 inveniamus.
980 813 1110 846 Tamen
1137 815 1234 855 poeta
1259 812 1444 845 Thebanus
1471 811 1678 854 imaginibus

502 869 537 900 ut
562 866 604 900 ita
630 866 738 900 dicam
765 867 924 900 abundat.
973 868 1080 909 Atque
1106 868 1140 899 ut
1165 875 1264 899 usum
1291 865 1504 899 Pindaricum
1531 874 1676 908 cognos-

501 929 619 953 camus
645 920 863 962 inspiciamus
882 921 945 954 hoc
961 922 1172 962 exemplum:
1199 919 1360 954 Carmine
1391 924 1416 953 O
1435 919 1474 952 Vl
1510 919 1677 952 Pindarus

501 973 686 1017 Hagesiam
712 975 866 1010 celebrat.
901 974 997 1008 cuius
1023 974 1102 1007 muli
1137 974 1233 1017 primi
1259 974 1405 1008 stadium
1433 976 1674 1016 percurrerant.

500 1028 551 1061 Ab
575 1037 604 1062 v.
625 1031 664 1062 22
683 1037 753 1071 sqq.
780 1030 878 1071 poeta
903 1028 1050 1062 familiae
1075 1028 1242 1071 originem
1269 1028 1441 1071 Hagesiae
1469 1028 1616 1061 intexere
1643 1027 1674 1060 in

499 1081 614 1115 animo
640 1082 749 1119 habet,
776 1084 810 1115 ut
835 1082 989 1125 singulas
1014 1081 1134 1125 stirpes
1151 1091 1412 1126 cognoscamus.
1462 1082 1512 1114 Ad
1533 1082 1595 1115 hoc
1617 1091 1675 1114 au-

498 1138 564 1170 tem
591 1135 783 1170 faciendum
811 1137 961 1180 imagine
986 1139 1155 1170 mulorum
1181 1146 1299 1170 currus
1325 1136 1434 1172 utitur.
1465 1139 1578 1169 tamen
1606 1145 1673 1169 non

499 1190 531 1223 in
558 1191 697 1224 modum
725 1191 874 1228 Homeri.
901 1192 959 1224 sed
986 1191 1085 1224 aliam
1114 1191 1276 1224 rationem
1303 1193 1449 1224 secutus

564 1254 754 1287 Audiamus
780 1254 870 1287 enim
896 1263 926 1287 v.
954 1257 993 1287 22
1019 1256 1136 1297 sqq.¹):

708 1314 743 1351 ⁷52
769 1321 894 1361 Φίντις,
920 1316 1004 1352 ἀλλὰ
1029 1321 1146 1360 ζεῦξον
1170 1316 1203 1362 ἧ-

817 1374 858 1415 ὀή
881 1385 938 1414 μοι
963 1374 1084 1410 σθένος
1109 1370 1270 1415 ἡμιόνων,

710 1421 730 1470 ᾇ
755 1426 863 1469 τάχος,
888 1424 979 1469 ὄφρα
1004 1426 1153 1468 κελεύθςι)
1177 1425 1245 1458 τ’ἑν
1268 1428 1404 1470 καθαρᾷ

709 1479 856 1522 βάσομεν
879 1477 994 1522 ὄκχον,
1019 1480 1142 1522 ἵκωμαί
1165 1492 1199 1512 τε
1223 1477 1308 1522 πρὸς
1333 1477 1469 1521 ἀνδρῶν

708 1536 762 1566 καὶ
789 1535 900 1576 γένος·
926 1541 1031 1567 κεῖναι
1058 1532 1118 1576 γὰρ
1144 1534 1179 1574 ἐξ
1202 1531 1256 1566 ἄ).-

816 1590 879 1620 λᾶν
902 1585 987 1621 ὁδὸν
1012 1585 1229 1630 ἁγεμονεῦσαι

707 1642 833 1674 ταύταν
857 1642 1061 1683 ἐπίστανται,
1087 1642 1205 1683 στεφά-

816 1709 894 1733 νους
918 1696 955 1728 ἐν
981 1693 1135 1739 Ὀλυμπίᾳ

707 1750 775 1782 ἐπεὶ
802 1751 956 1790 δέξαιτο·
981 1748 1043 1793 χρὴ
1067 1751 1185 1783 τοίνυν
1207 1749 1314 1787 πύλας
1341 1745 1371 1782 ἶῖ-

813 1816 908 1846 ,ιω-ων
932 1802 1161 1846 αἰ·απιτί·ά,ιιευ
1184 1802 1315 1841 afram·

560 1864 658 1907 Quae
690 1874 780 1898 nunc
812 1867 936 1899 attente
969 1865 1200 1908 perspicienda
1233 1867 1321 1899 sunt.
1381 1866 1489 1908 Atque
1521 1864 1666 1906 primum

491 1919 626 1962 quidem
653 1919 808 1953 videmus
834 1929 852 1952 a
880 1918 1025 1953 Pindaro
1051 1919 1237 1963 imaginem
1263 1921 1294 1953 et
1320 1928 1401 1954 rem.
1434 1929 1536 1962 quam
1571 1921 1668 1961 poeta

491 1973 641 2016 imagine
666 1973 832 2015 explicare
858 1975 935 2010 vult.
969 1973 1053 2007 inter
1083 1983 1120 2007 se
1149 1973 1370 2007 commisceri.
1420 1973 1549 2006 Initium
1576 1973 1665 2006 enim

490 2027 576 2069 capit
602 2027 644 2061 ab
671 2027 820 2071 imagine
847 2030 1014 2061 mulorum
1041 2037 1168 2061 currus.
1218 2028 1250 2061 In
1278 2029 1364 2061 hanc
1390 2027 1500 2061 statim
1529 2027 1666 2061 inseruit

490 2081 522 2114 id
548 2082 637 2124 quod
656 2082 698 2114 ad
718 2091 786 2115 rem
807 2082 836 2114 id
856 2083 905 2115 est
922 2081 1070 2115 familiae
1087 2081 1253 2125 originem
1272 2081 1510 2115 celebrandam
1529 2084 1664 2123 spectat.

489 2135 600 2169 Voces
639 2135 728 2169 enim
770 2136 892 2179 i'xmfflat'
931 2149 965 2169 τε
1003 2134 1089 2179 πρὸς
1128 2135 1264 2178 ἀνδρῶν
1299 2139 1352 2169 καὶ
1391 2138 1486 2179 γένος
1527 2135 1665 2168 minime

489 2190 531 2222 ad
558 2189 754 2232 imaginem,
781 2191 838 2223 sed
866 2190 907 2223 ad
935 2198 1003 2223 rem
1030 2189 1205 2232 pertinent.
1254 2189 1355 2232 Quod
1381 2189 1540 2232 sequitur.
1567 2189 1666 2222 nobis

489 2252 621 2276 rursum
649 2243 834 2286 imaginem
861 2245 938 2276 ante
962 2245 1079 2277 oculos
1103 2245 1254 2277 collocat.
1302 2243 1431 2276 Tamen
1455 2243 1566 2276 verbis
1595 2255 1664 2277 στε-

489 2296 619 2339 φάνους
644 2299 680 2331 ὲν
707 2296 861 2342 Ὀλυμπίᾳ
886 2299 956 2331 ἐπεὶ
982 2299 1120 2339 δέξαιτο
1155 2297 1291 2330 animus
1320 2297 1351 2330 in
1379 2297 1480 2330 totius
1505 2297 1664 2330 carminis

488 2353 729 2394 argumentum
749 2351 940 2385 advertitur.
975 2352 1083 2394 Atque
1101 2351 1310 2384 enuntiatum
1330 2350 1391 2395 χρὴ
1416 2355 1534 2385 τοίνυν
1556 2351 1665 2390 πύλας

487 2401 603 2447 -ὕ,ιιι,·ων
620 2403 849 2448 αὐαπιτινάμεν
865 2403 981 2444 mirata,-
999 2414 1115 2438 rursus
1133 2405 1173 2438 ad
1193 2404 1378 2448 iniagiv01n
1394 2408 1530 2447 spectat.
1549 2407 1662 2438 tamen

487 2468 569 2492 voce
593 2455 709 2503 ὕμνων
734 2459 868 2496 inserta.
893 2469 980 2502 quae
1005 2460 1046 2492 ad
1074 2468 1142 2492 rem
1170 2459 1320 2501 pertinet,
1352 2462 1519 2492 mulorum
1548 2460 1663 2502 imago

561 2550 581 2583 ι)
601 2550 669 2577 Utor
688 2550 808 2577 editione
828 2550 1002 2578 Schroederi.
1023 2549 1130 2583 Lipsiae
1153 2552 1226 2577 1908.
